
@Article{	  aakre2015evolving,
  title		= {Evolving new protein-protein interaction specificity
		  through promiscuous intermediates},
  author	= {Aakre, Christopher D and Herrou, Julien and Phung, Tuyen N
		  and Perchuk, Barrett S and Crosson, Sean and Laub, Michael
		  T},
  journal	= {Cell},
  volume	= {163},
  number	= {3},
  pages		= {594--606},
  year		= {2015},
  publisher	= {Elsevier}
}

@Article{	  ablashi1995human,
  title		= {Human herpesvirus-7 (HHV-7): current status},
  author	= {Ablashi, DV and Berneman, ZN and Kramarsky, B and Whitman,
		  J and Asano, Y and Pearson, GR},
  journal	= {Clinical and diagnostic virology},
  volume	= {4},
  number	= {1},
  pages		= {1--13},
  year		= {1995},
  publisher	= {Elsevier}
}

@Article{	  abram2010nature,
  title		= {Nature, position, and frequency of mutations made in a
		  single cycle of HIV-1 replication},
  author	= {Abram, Michael E and Ferris, Andrea L and Shao, Wei and
		  Alvord, W Gregory and Hughes, Stephen H},
  journal	= {Journal of Virology},
  volume	= {84},
  number	= {19},
  pages		= {9864--9878},
  year		= {2010},
  publisher	= {Am Soc Microbiol}
}

@Article{	  al2014high,
  title		= {High-throughput profiling of point mutations across the
		  HIV-1 genome},
  author	= {Al-Mawsawi, Laith Q and Wu, Nicholas C and Olson, C Anders
		  and Shi, Vivian Cai and Qi, Hangfei and Zheng, Xiaojuan and
		  Wu, Ting-Ting and Sun, Ren},
  journal	= {Retrovirology},
  volume	= {11},
  number	= {1},
  pages		= {124},
  year		= {2014},
  publisher	= {BioMed Central}
}

@Article{	  albert1990rapid,
  title		= {Rapid development of isolate-specific neutralizing
		  antibodies after primary HIV-1 infection and consequent
		  emergence of virus variants which resist neutralization by
		  autologous sera.},
  author	= {Albert, Jan and Abrahamsson, Bengt and Nagy, Karoly and
		  Aurelius, Elisabeth and Gaines, Hans and Nystr{\"o}m,
		  Gunnel and Feny{\"o}, Eva Maria},
  journal	= {AIDS},
  volume	= {4},
  number	= {2},
  pages		= {107--112},
  year		= {1990},
  publisher	= {LWW}
}

@Article{	  alkhatib2009biology,
  title		= {The biology of CCR5 and CXCR4},
  author	= {Alkhatib, Ghalib},
  journal	= {Current Opinion in HIV and AIDS},
  volume	= {4},
  number	= {2},
  pages		= {96},
  year		= {2009},
  publisher	= {NIH Public Access}
}

@Article{	  almawsawi2014high,
  title		= {High-throughput profiling of point mutations across the
		  HIV-1 genome},
  author	= {Al-Mawsawi, Laith Q and Wu, Nicholas C and Olson, CA and
		  Shi, Vivian C and Qi, Hangfei and Zheng, Xiaojuan and Wu,
		  Ting-Ting and Sun, Ren},
  journal	= {Retrovirology},
  volume	= {11},
  number	= {1},
  pages		= {124},
  year		= {2014},
  publisher	= {BioMed Central Ltd}
}

@Article{	  almond2010structural,
  title		= {Structural conservation predominates over sequence
		  variability in the crown of {HIV} type 1's {V3} loop},
  author	= {Almond, David and Kimura, Tetsuya and Kong, XiangPeng and
		  Swetnam, James and Zolla-Pazner, Susan and Cardozo,
		  Timothy},
  journal	= {AIDS research and human retroviruses},
  volume	= {26},
  number	= {6},
  pages		= {717--723},
  year		= {2010},
  publisher	= {Mary Ann Liebert, Inc. 140 Huguenot Street, 3rd Floor New
		  Rochelle, NY 10801 USA}
}

@Article{	  ashenberg2013mutational,
  title		= {Mutational effects on stability are largely conserved
		  during protein evolution},
  author	= {Ashenberg, Orr and Gong, L Ian and Bloom, Jesse D},
  journal	= {Proceedings of the National Academy of Sciences},
  volume	= {110},
  number	= {52},
  pages		= {21071--21076},
  year		= {2013},
  publisher	= {National Acad Sciences}
}

@Article{	  ashenberg2017deep,
  title		= {Deep mutational scanning identifies sites in influenza
		  nucleoprotein that affect viral inhibition by MxA},
  author	= {Ashenberg, Orr and Padmakumar, Jai and Doud, Michael B and
		  Bloom, Jesse D},
  journal	= {PLoS Pathogens},
  volume	= {13},
  number	= {3},
  pages		= {e1006288},
  year		= {2017},
  publisher	= {Public Library of Science}
}

@Article{	  babcock2001ligand,
  title		= {Ligand binding characteristics of CXCR4 incorporated into
		  paramagnetic proteoliposomes},
  author	= {Babcock, Gregory J and Mirzabekov, Tajib and Wojtowicz,
		  Woj and Sodroski, Joseph},
  journal	= {Journal of Biological Chemistry},
  volume	= {276},
  number	= {42},
  pages		= {38433--38440},
  year		= {2001},
  publisher	= {ASBMB}
}

@Article{	  basmaciogullari2002identification,
  title		= {Identification of conserved and variable structures in the
		  human immunodeficiency virus gp120 glycoprotein of
		  importance for CXCR4 binding},
  author	= {Basmaciogullari, St{\'e}phane and Babcock, Gregory J and
		  Van Ryk, Donald and Wojtowicz, Woj and Sodroski, Joseph},
  journal	= {Journal of Virology},
  volume	= {76},
  number	= {21},
  pages		= {10791--10800},
  year		= {2002},
  publisher	= {Am Soc Microbiol}
}

@Article{	  bazykin2015changing,
  title		= {Changing preferences: deformation of single position amino
		  acid fitness landscapes and evolution of proteins},
  author	= {Bazykin, Georgii A},
  journal	= {Biology Letters},
  volume	= {11},
  number	= {10},
  pages		= {20150315},
  year		= {2015},
  publisher	= {The Royal Society}
}

@Article{	  belshaw2007evolution,
  title		= {The evolution of genome compression and genomic novelty in
		  RNA viruses},
  author	= {Belshaw, Robert and Pybus, Oliver G and Rambaut, Andrew},
  journal	= {Genome research},
  volume	= {17},
  number	= {10},
  pages		= {1496--1504},
  year		= {2007},
  publisher	= {Cold Spring Harbor Lab}
}

@Article{	  benjamini1995controlling,
  title		= {Controlling the false discovery rate: a practical and
		  powerful approach to multiple testing},
  author	= {Benjamini, Yoav and Hochberg, Yosef},
  journal	= {Journal of the Royal Statistical Society, Series B},
  pages		= {289--300},
  year		= {1995},
  publisher	= {JSTOR}
}

@Article{	  berger1999chemokine,
  title		= {Chemokine receptors as HIV-1 coreceptors: roles in viral
		  entry, tropism, and disease},
  author	= {Berger, Edward A and Murphy, Philip M and Farber, Joshua
		  M},
  journal	= {Annual review of immunology},
  volume	= {17},
  number	= {1},
  pages		= {657--700},
  year		= {1999},
  publisher	= {Annual Reviews 4139 El Camino Way, PO Box 10139, Palo
		  Alto, CA 94303-0139, USA}
}

@Article{	  bershtein2006robustness,
  title		= {Robustness-epistasis link shapes the fitness landscape of
		  a randomly drifting protein},
  author	= {Bershtein, Shimon and Segal, Michal and Bekerman, Roy and
		  Tokuriki, Nobuhiko and Tawfik, Dan S},
  journal	= {Nature},
  volume	= {444},
  number	= {7121},
  pages		= {929},
  year		= {2006},
  publisher	= {Nature Publishing Group}
}

@Article{	  binley2000recombinant,
  title		= {A recombinant human immunodeficiency virus type 1 envelope
		  glycoprotein complex stabilized by an intermolecular
		  disulfide bond between the gp120 and gp41 subunits is an
		  antigenic mimic of the trimeric virion-associated
		  structure},
  author	= {Binley, James M and Sanders, Rogier W and Clas, Brian and
		  Schuelke, Norbert and Master, Aditi and Guo, Yong and
		  Kajumo, Francis and Anselma, Deborah J and Maddon, Paul J
		  and Olson, William C and others},
  journal	= {Journal of Virology},
  volume	= {74},
  number	= {2},
  pages		= {627--643},
  year		= {2000},
  publisher	= {Am Soc Microbiol}
}

@Article{	  blattner2014structural,
  title		= {Structural delineation of a quaternary, cleavage-dependent
		  epitope at the gp41-gp120 interface on intact HIV-1 Env
		  trimers},
  author	= {Blattner, Claudia and Lee, Jeong Hyun and Sliepen, Kwinten
		  and Derking, Ronald and Falkowska, Emilia and de la
		  Pe{\~n}a, Alba Torrents and Cupo, Albert and Julien,
		  Jean-Philippe and van Gils, Marit and Lee, Peter S and
		  others},
  journal	= {Immunity},
  volume	= {40},
  number	= {5},
  pages		= {669--680},
  year		= {2014},
  publisher	= {Elsevier}
}

@Article{	  bloom2005thermodynamic,
  title		= {Thermodynamic prediction of protein neutrality},
  author	= {Bloom, Jesse D and Silberg, Jonathan J and Wilke, Claus O
		  and Drummond, D Allan and Adami, Christoph and Arnold,
		  Frances H},
  journal	= {Proceedings of the National Academy of Sciences of the
		  United States of America},
  volume	= {102},
  number	= {3},
  pages		= {606--611},
  year		= {2005},
  publisher	= {National Academy of Sciences}
}

@Article{	  bloom2006protein,
  title		= {Protein stability promotes evolvability},
  author	= {Bloom, Jesse D and Labthavikul, Sy T and Otey, Christopher
		  R and Arnold, Frances H},
  journal	= {Proceedings of the National Academy of Sciences},
  volume	= {103},
  number	= {15},
  pages		= {5869--5874},
  year		= {2006},
  publisher	= {National Acad Sciences}
}

@Article{	  bloom2014experimentally,
  title		= {An experimentally determined evolutionary model
		  dramatically improves phylogenetic fit},
  author	= {Bloom, Jesse D},
  journal	= {Mol. Biol. Evol},
  volume	= {31},
  number	= {8},
  pages		= {1956--1978},
  year		= {2014},
  publisher	= {Citeseer}
}

@Article{	  bloom2014informed,
  title		= {An experimentally informed evolutionary model improves
		  phylogenetic fit to divergent lactamase homologs},
  author	= {Bloom, Jesse D},
  journal	= {Molecular biology and evolution},
  volume	= {31},
  number	= {10},
  pages		= {2753--2769},
  year		= {2014},
  publisher	= {SMBE}
}

@Article{	  bloom2015software,
  title		= {Software for the analysis and visualization of deep
		  mutational scanning data},
  author	= {Bloom, Jesse D},
  journal	= {BMC Bioinformatics},
  volume	= {16},
  pages		= {168},
  year		= {2015},
  publisher	= {BioMed Central}
}

@Article{	  bloom2016identification,
  title		= {Identification of positive selection in genes is greatly
		  improved by using experimentally informed site-specific
		  models},
  author	= {Bloom, Jesse D.},
  journal	= {bioRxiv},
  pages		= {037689},
  year		= {2016},
  publisher	= {Cold Spring Harbor Labs Journals}
}

@Article{	  bloom2017identification,
  title		= {Identification of positive selection in genes is greatly
		  improved by using experimentally informed site-specific
		  models},
  author	= {Bloom, Jesse D},
  journal	= {Biology Direct},
  volume	= {12},
  number	= {1},
  pages		= {1},
  year		= {2017},
  publisher	= {BioMed Central}
}

@Article{	  boucher2014viewing,
  title		= {Viewing protein fitness landscapes through a next-gen
		  lens},
  author	= {Boucher, Jeffrey I and Cote, Pamela and Flynn, Julia and
		  Jiang, Li and Laban, Aneth and Mishra, Parul and Roscoe,
		  Benjamin P and Bolon, Daniel NA},
  journal	= {Genetics},
  volume	= {198},
  number	= {2},
  pages		= {461--471},
  year		= {2014},
  publisher	= {Genetics Soc America}
}

@Article{	  boyd2015mutations,
  title		= {Mutations in HIV-1 envelope that enhance entry with the
		  macaque CD4 receptor alter antibody recognition by
		  disrupting quaternary interactions within the trimer},
  author	= {Boyd, David F and Peterson, Dylan and Haggarty, Beth S and
		  Jordan, Andrea PO and Hogan, Michael J and Goo, Leslie and
		  Hoxie, James A and Overbaugh, Julie},
  journal	= {Journal of Virology},
  volume	= {89},
  number	= {2},
  pages		= {894--907},
  year		= {2015},
  publisher	= {Am Soc Microbiol}
}

@Article{	  bray1994small,
  title		= {A small element from the Mason-Pfizer monkey virus genome
		  makes human immunodeficiency virus type 1 expression and
		  replication Rev-independent.},
  author	= {Bray, Molly and Prasad, Susan and Dubay, John W and
		  Hunter, Eric and Jeang, Kuan-Teh and Rekosh, David and
		  Hammarskj{\"o}ld, ML},
  journal	= {Proceedings of the National Academy of Sciences},
  volume	= {91},
  number	= {4},
  pages		= {1256--1260},
  year		= {1994},
  publisher	= {National Acad Sciences}
}

@Article{	  burton2005antibody,
  title		= {Antibody vs. HIV in a clash of evolutionary titans},
  author	= {Burton, Dennis R and Stanfield, Robyn L and Wilson, Ian
		  A},
  journal	= {Proceedings of the National Academy of Sciences of the
		  United States of America},
  volume	= {102},
  number	= {42},
  pages		= {14943--14948},
  year		= {2005},
  publisher	= {National Acad Sciences}
}

@Article{	  chakrabarti1989cytoplasmic,
  title		= {The cytoplasmic domain of simian immunodeficiency virus
		  transmembrane protein modulates infectivity.},
  author	= {Chakrabarti, L and Emerman, M and Tiollais, P and Sonigo,
		  P},
  journal	= {Journal of Virology},
  volume	= {63},
  number	= {10},
  pages		= {4395--4403},
  year		= {1989},
  publisher	= {Am Soc Microbiol}
}

@Article{	  chan2017correlation,
  title		= {Correlation of fitness landscapes from three orthologous
		  TIM barrels originates from sequence and structure
		  constraints},
  author	= {Chan, Yvonne H and Venev, Sergey V and Zeldovich,
		  Konstantin B and Matthews, C Robert},
  journal	= {Nature Communications},
  volume	= {8},
  pages		= {14614},
  year		= {2017},
  publisher	= {Nature Publishing Group}
}

@Article{	  chang1993origin,
  title		= {The origin of HIV-1 isolate HTLV-IIIB},
  author	= {Chang, Sheng-Yung P and Bowman, Barbara H and Weiss,
		  Judith B and Garcia, Rebeca E and White, Thomas J},
  journal	= {Nature},
  volume	= {363},
  number	= {6428},
  pages		= {466--469},
  year		= {1993}
}

@Article{	  chen2001genomic,
  title		= {Genomic divergence between human and chimpanzee estimated
		  from large-scale alignments of genomic sequences},
  author	= {Chen, F-C and Vallender, EJ and Wang, H and Tzeng, C-S and
		  Li, W-H},
  journal	= {Journal of Heredity},
  volume	= {92},
  number	= {6},
  pages		= {481--489},
  year		= {2001},
  publisher	= {Am Genetic Assoc}
}

@Article{	  chen2005determining,
  title		= {Determining the structure of an unliganded and fully
		  glycosylated SIV gp120 envelope glycoprotein},
  author	= {Chen, Bing and Vogan, Erik M and Gong, Haiyun and Skehel,
		  John J and Wiley, Don C and Harrison, Stephen C},
  journal	= {Structure},
  volume	= {13},
  number	= {2},
  pages		= {197--211},
  year		= {2005},
  publisher	= {Elsevier}
}

@Article{	  chen2005structure,
  title		= {Structure of an unliganded simian immunodeficiency virus
		  gp120 core},
  author	= {Chen, Bing and Vogan, Erik M and Gong, Haiyun and Skehel,
		  John J and others},
  journal	= {Nature},
  volume	= {433},
  number	= {7028},
  pages		= {834},
  year		= {2005},
  publisher	= {Nature Publishing Group}
}

@Article{	  chothia1986relation,
  title		= {The relation between the divergence of sequence and
		  structure in proteins.},
  author	= {Chothia, Cyrus and Lesk, Arthur M},
  journal	= {The EMBO Journal},
  volume	= {5},
  number	= {4},
  pages		= {823},
  year		= {1986},
  publisher	= {European Molecular Biology Organization}
}

@Article{	  chou1974conformational,
  title		= {Conformational parameters for amino acids in helical,
		  $\beta$-sheet, and random coil regions calculated from
		  proteins},
  author	= {Chou, Peter Y and Fasman, Gerald D},
  journal	= {Biochemistry},
  volume	= {13},
  number	= {2},
  pages		= {211--222},
  year		= {1974},
  publisher	= {ACS Publications}
}

@Article{	  clapham2001hiv,
  title		= {HIV-1 receptors and cell tropism},
  author	= {Clapham, Paul R and McKnight, {\'A}ine},
  journal	= {British medical bulletin},
  volume	= {58},
  number	= {1},
  pages		= {43--59},
  year		= {2001},
  publisher	= {Oxford University Press}
}

@Article{	  cordonnier1989single,
  title		= {Single amino-acid changes in HIV envelope affect viral
		  tropism and receptor binding.},
  author	= {Cordonnier, A and Montagnier, L and Emerman, M},
  journal	= {Nature},
  volume	= {340},
  number	= {6234},
  pages		= {571},
  year		= {1989}
}

@Article{	  crooks2004weblogo,
  title		= {WebLogo: a sequence logo generator},
  author	= {Crooks, Gavin E and Hon, Gary and Chandonia, John-Marc and
		  Brenner, Steven E},
  journal	= {Genome Research},
  volume	= {14},
  number	= {6},
  pages		= {1188--1190},
  year		= {2004},
  publisher	= {Cold Spring Harbor Lab}
}

@Article{	  cuevas2012fitness,
  title		= {The Fitness Effects of Synonymous Mutations in DNA and RNA
		  Viruses},
  author	= {Cuevas, Jos{\'e} M and Domingo-Calap, Pilar and
		  Sanju{\'a}n, Rafael},
  journal	= {Molecular Biology and Evolution},
  volume	= {29},
  number	= {1},
  pages		= {17--20},
  year		= {2012},
  publisher	= {SMBE}
}

@Article{	  cuevas2015extremely,
  title		= {Extremely High Mutation Rate of HIV-1 In Vivo},
  author	= {Cuevas, Jos{\'e} M and Geller, Ron and Garijo, Raquel and
		  L{\'o}pez-Aldeguer, Jos{\'e} and Sanju{\'a}n, Rafael},
  journal	= {PLoS Biol},
  volume	= {13},
  number	= {9},
  pages		= {e1002251},
  year		= {2015},
  publisher	= {Public Library of Science}
}

@Article{	  da2010fitness,
  title		= {Fitness epistasis and constraints on adaptation in a human
		  immunodeficiency virus type 1 protein region},
  author	= {da Silva, Jack and Coetzer, Mia and Nedellec, Rebecca and
		  Pastore, Cristina and Mosier, Donald E},
  journal	= {Genetics},
  volume	= {185},
  number	= {1},
  pages		= {293--303},
  year		= {2010},
  publisher	= {Genetics Soc America}
}

@Article{	  dahirel2011coordinate,
  title		= {Coordinate linkage of HIV evolution reveals regions of
		  immunological vulnerability},
  author	= {Dahirel, Vincent and Shekhar, Karthik and Pereyra,
		  Florencia and Miura, Toshiyuki and Artyomov, Mikita and
		  Talsania, Shiv and Allen, Todd M and Altfeld, Marcus and
		  Carrington, Mary and Irvine, Darrell J and others},
  journal	= {Proceedings of the National Academy of Sciences},
  volume	= {108},
  number	= {28},
  pages		= {11530--11535},
  year		= {2011},
  publisher	= {National Acad Sciences}
}

@Article{	  dai2016quantifying,
  title		= {Quantifying the evolutionary potential and constraints of
		  a drug-targeted viral protein},
  author	= {Dai, Lei and Du, Yushen and Qi, Hangfei and Wu, Nicholas C
		  and Lloyd-Smith, James O and Sun, Ren},
  year		= {2106},
  journal	= {bioRxiv},
  pages		= {078428}
}

@Article{	  davenport2013isolate,
  title		= {Isolate-specific differences in the conformational
		  dynamics and antigenicity of HIV-1 gp120},
  author	= {Davenport, Thaddeus M and Guttman, Miklos and Guo, Wenjin
		  and Cleveland, Brad and Kahn, Maria and Hu, Shiu-Lok and
		  Lee, Kelly K},
  journal	= {Journal of Virology},
  volume	= {87},
  number	= {19},
  pages		= {10855--10873},
  year		= {2013},
  publisher	= {Am Soc Microbiol}
}

@Article{	  day2006pd,
  title		= {PD-1 expression on HIV-specific T cells is associated with
		  T-cell exhaustion and disease progression},
  author	= {Day, Cheryl L and Kaufmann, Daniel E and Kiepiela, Photini
		  and Brown, Julia A and Moodley, Eshia S and Reddy, Sharon
		  and Mackey, Elizabeth W and Miller, Joseph D and Leslie,
		  Alasdair J and DePierres, Chantal and others},
  journal	= {Nature},
  volume	= {443},
  number	= {7109},
  pages		= {350--354},
  year		= {2006},
  publisher	= {Nature Publishing Group}
}

@Article{	  de2015immunogenicity,
  title		= {Immunogenicity of Stabilized HIV-1 Envelope Trimers with
		  Reduced Exposure of Non-neutralizing Epitopes},
  author	= {de Taeye, Steven W and Ozorowski, Gabriel and de la
		  Pe{\~n}a, Alba Torrents and Guttman, Miklos and Julien,
		  Jean-Philippe and van den Kerkhof, Tom LGM and Burger,
		  Judith A and Pritchard, Laura K and Pugach, Pavel and
		  Yasmeen, Anila and others},
  journal	= {Cell},
  volume	= {163},
  number	= {7},
  pages		= {1702--1715},
  year		= {2015},
  publisher	= {Elsevier}
}

@Article{	  dingens2017comprehensive,
  title		= {Comprehensive mapping of HIV-1 escape from a broadly
		  neutralizing antibody},
  author	= {Dingens, Adam S and Haddox, Hugh K and Overbaugh, Julie
		  and Bloom, Jesse D},
  journal	= {Cell Host \& Microbe},
  year		= {2017},
  volume	= {21},
  pages		= {777-787},
  publisher	= {Elsevier}
}

@Article{	  doud2015site,
  title		= {Site-specific amino acid preferences are mostly conserved
		  in two closely related protein homologs.},
  author	= {Doud, Michael B and Ashenberg, O and Bloom, Jesse D},
  journal	= {Molecular Biology and Evolution},
  volume	= {32},
  number	= {11},
  pages		= {2944--2960},
  year		= {2015},
  publisher	= {Oxford University Press}
}

@Article{	  doud2016accurate,
  title		= {Accurate measurement of the effects of all amino-acid
		  mutations to influenza hemagglutinin},
  author	= {Doud, Michael B and Bloom, Jesse D},
  journal	= {Viruses},
  volume	= {8},
  pages		= {155},
  year		= {2016}
}

@Article{	  doud2017complete,
  title		= {Complete mapping of viral escape from neutralizing
		  antibodies},
  author	= {Doud, Michael B and Hensley, Scott E and Bloom, Jesse D},
  journal	= {PLoS Pathogens},
  volume	= {13},
  number	= {3},
  pages		= {e1006271},
  year		= {2017},
  publisher	= {Public Library of Science}
}

@Article{	  doyle2002hiv,
  title		= {HIV-1 evades antibody-mediated neutralization through
		  conformational masking of receptor-binding sites},
  author	= {Doyle, Michael L and Casper, David J and Cicala, Claudia
		  and others},
  journal	= {Nature},
  volume	= {420},
  number	= {6916},
  pages		= {678},
  year		= {2002},
  publisher	= {Nature Publishing Group}
}

@Article{	  duenas2016saturation,
  title		= {Saturation Mutagenesis of the {HIV-1} Envelope {CD4}
		  Binding Loop Reveals Residues Controlling Distinct Trimer
		  Conformations},
  author	= {Duenas-Decamp, Maria and Jiang, Li and Bolon, Daniel and
		  Clapham, Paul R},
  journal	= {PLoS Pathogens},
  volume	= {12},
  number	= {11},
  pages		= {e1005988},
  year		= {2016},
  publisher	= {Public Library of Science}
}

@Article{	  emerman1989rev,
  title		= {The rev gene product of the human immunodeficiency virus
		  affects envelope-specific RNA localization},
  author	= {Emerman, Michael and Vazeux, Rosemay and Peden, Keith},
  journal	= {Cell},
  volume	= {57},
  number	= {7},
  pages		= {1155--1165},
  year		= {1989},
  publisher	= {Elsevier}
}

@Article{	  falkowska2014broadly,
  title		= {Broadly neutralizing HIV antibodies define a
		  glycan-dependent epitope on the prefusion conformation of
		  gp41 on cleaved envelope trimers},
  author	= {Falkowska, Emilia and Le, Khoa M and Ramos, Alejandra and
		  Doores, Katie J and Lee, Jeong Hyun and Blattner, Claudia
		  and Ramirez, Alejandro and Derking, Ronald and van Gils,
		  Marit J and Liang, Chi-Hui and others},
  journal	= {Immunity},
  volume	= {40},
  number	= {5},
  pages		= {657--668},
  year		= {2014},
  publisher	= {Elsevier}
}

@Article{	  faria2014early,
  title		= {The early spread and epidemic ignition of {HIV-1} in human
		  populations},
  author	= {Faria, Nuno R and Rambaut, Andrew and Suchard, Marc A and
		  Baele, Guy and Bedford, Trevor and Ward, Melissa J and
		  Tatem, Andrew J and Sousa, Jo{\~a}o D and Arinaminpathy,
		  Nimalan and P{\'e}pin, Jacques and others},
  journal	= {Science},
  volume	= {346},
  number	= {6205},
  pages		= {56--61},
  year		= {2014},
  publisher	= {American Association for the Advancement of Science}
}

@Article{	  ferguson2013translating,
  title		= {Translating HIV sequences into quantitative fitness
		  landscapes predicts viral vulnerabilities for rational
		  immunogen design},
  author	= {Ferguson, Andrew L and Mann, Jaclyn K and Omarjee, Saleha
		  and Ndung’u, Thumbi and Walker, Bruce D and Chakraborty,
		  Arup K},
  journal	= {Immunity},
  volume	= {38},
  number	= {3},
  pages		= {606--617},
  year		= {2013},
  publisher	= {Elsevier}
}

@Article{	  fernandes2012hiv,
  title		= {The HIV-1 Rev response element: an RNA scaffold that
		  directs the cooperative assembly of a homo-oligomeric
		  ribonucleoprotein complex},
  author	= {Fernandes, Jason and Jayaraman, Bhargavi and Frankel,
		  Alan},
  journal	= {RNA biology},
  volume	= {9},
  number	= {1},
  pages		= {6--11},
  year		= {2012},
  publisher	= {Taylor \& Francis}
}

@Article{	  fernandes2016functional,
  title		= {Functional Segregation of Overlapping Genes in HIV},
  author	= {Fernandes, Jason D and Faust, Tyler B and Strauli, Nicolas
		  B and Smith, Cynthia and Crosby, David C and Nakamura,
		  Robert L and Hernandez, Ryan D and Frankel, Alan D},
  journal	= {Cell},
  volume	= {167},
  number	= {7},
  pages		= {1762--1773},
  year		= {2016},
  publisher	= {Elsevier}
}

@Article{	  firnberg2014comprehensive,
  title		= {A comprehensive, high-resolution map of a gene’s fitness
		  landscape},
  author	= {Firnberg, Elad and Labonte, Jason W and Gray, Jeffrey J
		  and Ostermeier, Marc},
  journal	= {Molecular biology and evolution},
  volume	= {31},
  number	= {6},
  pages		= {1581--1592},
  year		= {2014},
  publisher	= {SMBE}
}

@Article{	  foster2016resistance,
  title		= {Resistance of transmitted founder HIV-1 to IFITM-mediated
		  restriction},
  author	= {Foster, Toshana L and Wilson, Harry and Iyer, Shilpa S and
		  Coss, Karen and Doores, Katie and Smith, Sarah and Kellam,
		  Paul and Finzi, Andr{\'e}s and Borrow, Persephone and Hahn,
		  Beatrice H and others},
  journal	= {Cell host \& microbe},
  volume	= {20},
  number	= {4},
  pages		= {429--442},
  year		= {2016},
  publisher	= {Elsevier}
}

@Article{	  fowler2010high,
  title		= {High-resolution mapping of protein sequence-function
		  relationships},
  author	= {Fowler, Douglas M and Araya, Carlos L and Fleishman, Sarel
		  J and Kellogg, Elizabeth H and Stephany, Jason J and Baker,
		  David and Fields, Stanley},
  journal	= {Nature Methods},
  volume	= {7},
  number	= {9},
  pages		= {741--746},
  year		= {2010},
  publisher	= {Nature Publishing Group}
}

@Article{	  fowler2014deep,
  title		= {Deep mutational scanning: a new style of protein science},
  author	= {Fowler, Douglas M and Fields, Stanley},
  journal	= {Nature Methods},
  volume	= {11},
  number	= {8},
  pages		= {801--807},
  year		= {2014},
  publisher	= {Nature Publishing Group}
}

@Article{	  freed1989mutational,
  title		= {Mutational analysis of the cleavage sequence of the human
		  immunodeficiency virus type 1 envelope glycoprotein
		  precursor gp160.},
  author	= {Freed, EO and Myers, DJ and Risser, R},
  journal	= {Journal of Virology},
  volume	= {63},
  number	= {11},
  pages		= {4670--4675},
  year		= {1989},
  publisher	= {Am Soc Microbiol}
}

@Article{	  freed1994evidence,
  title		= {Evidence for a functional interaction between the V1/V2
		  and C4 domains of human immunodeficiency virus type 1
		  envelope glycoprotein gp120.},
  author	= {Freed, EO and Martin, MA},
  journal	= {Journal of Virology},
  volume	= {68},
  number	= {4},
  pages		= {2503--2512},
  year		= {1994},
  publisher	= {Am Soc Microbiol}
}

@Article{	  gasser2016buffering,
  title		= {Buffering deleterious polymorphisms in highly constrained
		  parts of HIV-1 envelope by flexible regions},
  author	= {Gasser, Romain and Hamoudi, Meriem and Pellicciotta,
		  Martina and Zhou, Zhicheng and Visdeloup, Clara and Colin,
		  Philippe and Braibant, Martine and Lagane, Bernard and
		  Negroni, Matteo},
  journal	= {Retrovirology},
  volume	= {13},
  number	= {1},
  pages		= {50},
  year		= {2016},
  publisher	= {BioMed Central}
}

@Article{	  gavel1990sequence,
  title		= {Sequence differences between glycosylated and
		  non-glycosylated Asn-X-Thr/Ser acceptor sites: implications
		  for protein engineering},
  author	= {Gavel, Ylva and von Heijne, Gunnar},
  journal	= {Protein engineering},
  volume	= {3},
  number	= {5},
  pages		= {433--442},
  year		= {1990},
  publisher	= {Oxford Univ Press}
}

@Article{	  georgiev2013delineating,
  title		= {Delineating antibody recognition in polyclonal sera from
		  patterns of HIV-1 isolate neutralization},
  author	= {Georgiev, Ivelin S and Doria-Rose, Nicole A and Zhou,
		  Tongqing and Do Kwon, Young and Staupe, Ryan P and Moquin,
		  Stephanie and Chuang, Gwo-Yu and Louder, Mark K and
		  Schmidt, Stephen D and Altae-Tran, Han R and others},
  journal	= {Science},
  volume	= {340},
  number	= {6133},
  pages		= {751--756},
  year		= {2013},
  publisher	= {American Association for the Advancement of Science}
}

@Article{	  gong2013stability,
  title		= {Stability-mediated epistasis constrains the evolution of
		  an influenza protein},
  author	= {Gong, Lizhi Ian and Suchard, Marc A and Bloom, Jesse D},
  journal	= {eLife},
  volume	= {2},
  pages		= {e00631},
  year		= {2013},
  publisher	= {eLife Sciences Publications Limited}
}

@Article{	  goo2012neutralizing,
  title		= {Neutralizing antibody escape during HIV-1 mother-to-child
		  transmission involves conformational masking of distal
		  epitopes in envelope},
  author	= {Goo, Leslie and Milligan, Caitlin and Simonich, Cassandra
		  A and Nduati, Ruth and Overbaugh, Julie},
  journal	= {Journal of Virology},
  volume	= {86},
  number	= {18},
  pages		= {9566--9582},
  year		= {2012},
  publisher	= {Am Soc Microbiol}
}

@Article{	  goo2014early,
  title		= {Early development of broadly neutralizing antibodies in
		  HIV-1-infected infants},
  author	= {Goo, Leslie and Chohan, Vrasha and Nduati, Ruth and
		  Overbaugh, Julie},
  journal	= {Nature Medicine},
  volume	= {20},
  number	= {6},
  pages		= {655--658},
  year		= {2014},
  publisher	= {Nature Research}
}

@Article{	  grenfell2004unifying,
  title		= {Unifying the epidemiological and evolutionary dynamics of
		  pathogens},
  author	= {Grenfell, Bryan T and Pybus, Oliver G and Gog, Julia R and
		  Wood, James LN and Daly, Janet M and Mumford, Jenny A and
		  Holmes, Edward C},
  journal	= {science},
  volume	= {303},
  number	= {5656},
  pages		= {327--332},
  year		= {2004},
  publisher	= {American Association for the Advancement of Science}
}

@Article{	  gristick2017x,
  title		= {X-ray and EM structures of a natively glycosylated HIV-1
		  envelope trimer},
  author	= {Gristick, Harry B and Wang, Haoqing and Bjorkman, Pamela
		  J},
  journal	= {Acta Crystallographica Section D: Structural Biology},
  volume	= {73},
  number	= {10},
  pages		= {822--828},
  year		= {2017},
  publisher	= {International Union of Crystallography}
}

@Article{	  guenaga2016structure,
  title		= {Structure-guided redesign increases the propensity of {HIV
		  Env} to generate highly stable soluble trimers},
  author	= {Guenaga, Javier and Dubrovskaya, Viktoriya and de Val,
		  Natalia and Sharma, Shailendra K and Carrette, Barbara and
		  Ward, Andrew B and Wyatt, Richard T},
  journal	= {Journal of Virology},
  volume	= {90},
  number	= {6},
  pages		= {2806--2817},
  year		= {2016},
  publisher	= {Am Soc Microbiol}
}

@Article{	  guo2004protein,
  title		= {Protein tolerance to random amino acid change},
  author	= {Guo, Haiwei H and Choe, Juno and Loeb, Lawrence A},
  journal	= {Proceedings of the National Academy of Sciences of the
		  United States of America},
  volume	= {101},
  number	= {25},
  pages		= {9205--9210},
  year		= {2004},
  publisher	= {National Acad Sciences}
}

@Article{	  guttman2015antibody,
  title		= {Antibody potency relates to the ability to recognize the
		  closed, pre-fusion form of {HIV Env}.},
  author	= {Guttman, M and Cupo, A and Julien, JP and Sanders, RW and
		  Wilson, IA and Moore, JP and Lee, KK},
  journal	= {Nature Communications},
  volume	= {6},
  pages		= {6144--6144},
  year		= {2015},
  publisher	= {Europe PMC Funders}
}

@Article{	  haas1996codon,
  title		= {Codon usage limitation in the expression of HIV-1 envelope
		  glycoprotein},
  author	= {Haas, J{\"u}rgen and Park, Eun-Chung and Seed, Brian},
  journal	= {Current Biology},
  volume	= {6},
  number	= {3},
  pages		= {315--324},
  year		= {1996},
  publisher	= {Elsevier}
}

@Article{	  haddox2016experimental,
  title		= {Experimental estimation of the effects of all amino-acid
		  mutations to {HIV's} envelope protein on viral replication
		  in cell culture},
  author	= {Haddox, Hugh K and Dingens, Adam S and Bloom, Jesse D},
  journal	= {PLoS Pathogens},
  volume	= {12},
  number	= {12},
  pages		= {e1006114},
  year		= {2016},
  publisher	= {Public Library of Science}
}

@Article{	  harms2014historical,
  title		= {Historical contingency and its biophysical basis in
		  glucocorticoid receptor evolution},
  author	= {Harms, Michael J and Thornton, Joseph W},
  journal	= {Nature},
  volume	= {512},
  number	= {7513},
  pages		= {203},
  year		= {2014},
  publisher	= {NIH Public Access}
}

@Article{	  hartl2016within,
  title		= {Within-patient HIV mutation frequencies reveal fitness
		  costs of CpG dinucleotides, drastic amino acid changes and
		  G$\rightarrow$A mutations},
  author	= {Hartl, Marion and Theys, Kristof and Feder, Alison and
		  Gelbart, Maoz and Stern, Adi and Pennings, Pleuni S},
  journal	= {bioRxiv},
  pages		= {057026},
  year		= {2016},
  publisher	= {Cold Spring Harbor Labs Journals}
}

@Article{	  hedges2006timetree,
  title		= {{TimeTree}: a public knowledge-base of divergence times
		  among organisms},
  author	= {Hedges, S Blair and Dudley, Joel and Kumar, Sudhir},
  journal	= {Bioinformatics},
  volume	= {22},
  number	= {23},
  pages		= {2971--2972},
  year		= {2006},
  publisher	= {Oxford University Press}
}

@Article{	  hiatt2010parallel,
  author	= {Hiatt, Joseph B and Patwardhan, Rupali P and Turner, Emily
		  H and Lee, Choli and Shendure, Jay},
  journal	= {Nat. Methods},
  number	= {2},
  pages		= {119--122},
  publisher	= {Nature Publishing Group},
  title		= {Parallel, tag-directed assembly of locally derived short
		  sequence reads},
  volume	= {7},
  year		= {2010}
}

@Article{	  hilton2017phydms,
  title		= {phydms: Software for phylogenetic analyses informed by
		  deep mutational scanning},
  author	= {Hilton, Sarah K and Doud, Michael B and Bloom, Jesse D},
  journal	= {PeerJ},
  volume	= {5},
  pages		= {e3657},
  year		= {2017},
  publisher	= {Cold Spring Harbor Labs Journals}
}

@Article{	  ho2013replication,
  title		= {Replication-competent noninduced proviruses in the latent
		  reservoir increase barrier to HIV-1 cure},
  author	= {Ho, Ya-Chi and Shan, Liang and Hosmane, Nina N and Wang,
		  Jeffrey and Laskey, Sarah B and Rosenbloom, Daniel IS and
		  Lai, Jun and Blankson, Joel N and Siliciano, Janet D and
		  Siliciano, Robert F},
  journal	= {Cell},
  volume	= {155},
  number	= {3},
  pages		= {540--551},
  year		= {2013},
  publisher	= {Elsevier}
}

@Article{	  hu1990genetic,
  title		= {Genetic consequences of packaging two RNA genomes in one
		  retroviral particle: pseudodiploidy and high rate of
		  genetic recombination.},
  author	= {Hu, Wei-Shau and Temin, Howard M},
  journal	= {Proceedings of the National Academy of Sciences},
  volume	= {87},
  number	= {4},
  pages		= {1556--1560},
  year		= {1990},
  publisher	= {National Acad Sciences}
}

@Article{	  huang2014broad,
  title		= {Broad and potent HIV-1 neutralization by a human antibody
		  that binds the gp41-gp120 interface},
  author	= {Huang, Jinghe and Kang, Byong H and Pancera, Marie and
		  Lee, Jeong Hyun and Tong, Tommy and Feng, Yu and Imamichi,
		  Hiromi and Georgiev, Ivelin S and Chuang, Gwo-Yu and Druz,
		  Aliaksandr and others},
  journal	= {Nature},
  volume	= {515},
  number	= {7525},
  pages		= {138--142},
  year		= {2014},
  publisher	= {Nature Publishing Group}
}

@Article{	  jabara2011accurate,
  title		= {Accurate sampling and deep sequencing of the {HIV-1}
		  protease gene using a Primer {ID}},
  author	= {Jabara, Cassandra B and Jones, Corbin D and Roach, Jeffrey
		  and Anderson, Jeffrey A and Swanstrom, Ronald},
  journal	= {Proceedings of the National Academy of Sciences},
  volume	= {108},
  number	= {50},
  pages		= {20166--20171},
  year		= {2011},
  publisher	= {National Acad Sciences}
}

@Article{	  jacobs2005alanine,
  title		= {Alanine scanning mutants of the HIV gp41 loop},
  author	= {Jacobs, Amy and Sen, Jayita and Rong, Lijun and Caffrey,
		  Michael},
  journal	= {Journal of Biological Chemistry},
  volume	= {280},
  number	= {29},
  pages		= {27284--27288},
  year		= {2005},
  publisher	= {ASBMB}
}

@Article{	  jardine2016hiv,
  title		= {HIV-1 broadly neutralizing antibody precursor B cells
		  revealed by germline-targeting immunogen},
  author	= {Jardine, Joseph G and Kulp, Daniel W and Havenar-Daughton,
		  Colin and Sarkar, Anita and Briney, Bryan and Sok, Devin
		  and Sesterhenn, Fabian and Ere{\~n}o-Orbea, June and
		  Kalyuzhniy, Oleksandr and Deresa, Isaiah and others},
  journal	= {Science},
  volume	= {351},
  number	= {6280},
  pages		= {1458--1463},
  year		= {2016},
  publisher	= {American Association for the Advancement of Science}
}

@Article{	  jetzt2000high,
  title		= {High rate of recombination throughout the human
		  immunodeficiency virus type 1 genome},
  author	= {Jetzt, Amanda E and Yu, Hong and Klarmann, George J and
		  Ron, Yacov and Preston, Bradley D and Dougherty, Joseph P},
  journal	= {Journal of Virology},
  volume	= {74},
  number	= {3},
  pages		= {1234--1240},
  year		= {2000},
  publisher	= {Am Soc Microbiol}
}

@Article{	  johnson2002viral,
  title		= {Viral persistence: HIV's strategies of immune system
		  evasion},
  author	= {Johnson, Welkin E and Desrosiers, Ronald C},
  journal	= {Annual review of medicine},
  volume	= {53},
  number	= {1},
  pages		= {499--518},
  year		= {2002},
  publisher	= {Annual Reviews 4139 El Camino Way, PO Box 10139, Palo
		  Alto, CA 94303-0139, USA}
}

@Article{	  julien2013crystal,
  title		= {Crystal structure of a soluble cleaved HIV-1 envelope
		  trimer},
  author	= {Julien, Jean-Philippe and Cupo, Albert and Sok, Devin and
		  Stanfield, Robyn L and Lyumkis, Dmitry and Deller, Marc C
		  and Klasse, Per-Johan and Burton, Dennis R and Sanders,
		  Rogier W and Moore, John P and others},
  journal	= {Science},
  volume	= {342},
  number	= {6165},
  pages		= {1477--1483},
  year		= {2013},
  publisher	= {American Association for the Advancement of Science}
}

@Article{	  julien2015design,
  title		= {Design and structure of two HIV-1 clade C SOSIP. 664
		  trimers that increase the arsenal of native-like Env
		  immunogens},
  author	= {Julien, Jean-Philippe and Lee, Jeong Hyun and Ozorowski,
		  Gabriel and Hua, Yuanzi and de la Pe{\~n}a, Alba Torrents
		  and de Taeye, Steven W and Nieusma, Travis and Cupo, Albert
		  and Yasmeen, Anila and Golabek, Michael and others},
  journal	= {Proceedings of the National Academy of Sciences},
  volume	= {112},
  number	= {38},
  pages		= {11947--11952},
  year		= {2015},
  publisher	= {National Acad Sciences}
}

@Article{	  kabat1994differences,
  title		= {Differences in CD4 dependence for infectivity of
		  laboratory-adapted and primary patient isolates of human
		  immunodeficiency virus type 1.},
  author	= {Kabat, David and Kozak, Susan L and Wehrly, Kathy and
		  Chesebro, Bruce},
  journal	= {Journal of Virology},
  volume	= {68},
  number	= {4},
  pages		= {2570--2577},
  year		= {1994},
  publisher	= {Am Soc Microbiol}
}

@Article{	  kabsch1983dictionary,
  title		= {Dictionary of protein secondary structure: pattern
		  recognition of hydrogen-bonded and geometrical features},
  author	= {Kabsch, Wolfgang and Sander, Christian},
  journal	= {Biopolymers},
  volume	= {22},
  number	= {12},
  pages		= {2577--2637},
  year		= {1983},
  publisher	= {Wiley Online Library}
}

@Article{	  kinde2011detection,
  title		= {Detection and quantification of rare mutations with
		  massively parallel sequencing},
  author	= {Kinde, Isaac and Wu, Jian and Papadopoulos, Nick and
		  Kinzler, Kenneth W and Vogelstein, Bert},
  journal	= {Proceedings of the National Academy of Sciences},
  volume	= {108},
  number	= {23},
  pages		= {9530--9535},
  year		= {2011},
  publisher	= {National Acad Sciences}
}

@Article{	  kitzman2015massively,
  title		= {Massively parallel single-amino-acid mutagenesis},
  author	= {Kitzman, Jacob O and Starita, Lea M and Lo, Russell S and
		  Fields, Stanley and Shendure, Jay},
  journal	= {Nature Methods},
  volume	= {12},
  number	= {3},
  pages		= {203--206},
  year		= {2015},
  publisher	= {Nature Publishing Group}
}

@Article{	  klein2013somatic,
  title		= {Somatic mutations of the immunoglobulin framework are
		  generally required for broad and potent HIV-1
		  neutralization},
  author	= {Klein, Florian and Diskin, Ron and Scheid, Johannes F and
		  Gaebler, Christian and Mouquet, Hugo and Georgiev, Ivelin S
		  and Pancera, Marie and Zhou, Tongqing and Incesu,
		  Reha-Baris and Fu, Brooks Zhongzheng and others},
  journal	= {Cell},
  volume	= {153},
  number	= {1},
  pages		= {126--138},
  year		= {2013},
  publisher	= {Elsevier}
}

@Article{	  klink2017parallel,
  title		= {Parallel evolution of metazoan mitochondrial proteins.},
  author	= {Klink, GV and Bazykin, GA},
  journal	= {Genome Biology and Evolution},
  year		= {2017},
  volume	= {9},
  pages		= {1341--1350}
}

@Article{	  korber1998numbering,
  title		= {Numbering positions in HIV relative to HXB2CG},
  author	= {Korber, Bette and Foley, Brian T and Kuiken, C and Pillai,
		  Satish K and Sodroski, Joseph G and others},
  journal	= {Human Retroviruses and AIDS},
  volume	= {3},
  pages		= {102--111},
  year		= {1998},
  publisher	= {Theoretical Biology and Biophysics Group, Los Alamos
		  National Laboratory Los Alamos, NM}
}

@Article{	  korber2000timing,
  title		= {Timing the ancestor of the HIV-1 pandemic strains},
  author	= {Korber, Bette and Muldoon, M and Theiler, J and Gao, F and
		  Gupta, R and Lapedes, A and Hahn, BH and Wolinsky, S and
		  Bhattacharya, T},
  journal	= {science},
  volume	= {288},
  number	= {5472},
  pages		= {1789--1796},
  year		= {2000},
  publisher	= {American Association for the Advancement of Science}
}

@Article{	  korber2001evolutionary,
  title		= {Evolutionary and immunological implications of
		  contemporary HIV-1 variation},
  author	= {Korber, Bette and Gaschen, Brian and Yusim, Karina and
		  Thakallapally, Rama and Kesmir, Can and Detours, Vincent},
  journal	= {British medical bulletin},
  volume	= {58},
  number	= {1},
  pages		= {19--42},
  year		= {2001},
  publisher	= {Oxford University Press}
}

@Article{	  kosakovsky2005not,
  title		= {Not so different after all: a comparison of methods for
		  detecting amino acid sites under selection},
  author	= {Kosakovsky Pond, Sergei L and Frost, Simon DW},
  journal	= {Molecular Biology and Evolution},
  volume	= {22},
  number	= {5},
  pages		= {1208--1222},
  year		= {2005},
  publisher	= {Oxford University Press}
}

@Article{	  kouyos2012exploring,
  title		= {Exploring the complexity of the HIV-1 fitness landscape},
  author	= {Kouyos, Roger D and Leventhal, Gabriel E and Hinkley,
		  Trevor and Haddad, Mojgan and Whitcomb, Jeannette M and
		  Petropoulos, Christos J and Bonhoeffer, Sebastian},
  journal	= {PLoS Genet},
  volume	= {8},
  number	= {3},
  pages		= {e1002551},
  year		= {2012},
  publisher	= {Public Library of Science}
}

@Article{	  kumar2017stability,
  title		= {Stability-mediated epistasis restricts accessible
		  mutational pathways in the functional evolution of avian
		  hemoglobin},
  author	= {Kumar, Amit and Natarajan, Chandrasekhar and Moriyama,
		  Hideaki and Witt, Christopher C and Weber, Roy E and Fago,
		  Angela and Storz, Jay F},
  journal	= {Molecular Biology and Evolution},
  volume	= {34},
  number	= {5},
  pages		= {1240--1251},
  year		= {2017},
  publisher	= {Oxford University Press}
}

@Article{	  kwong1998structure,
  title		= {Structure of an HIV gp120 envelope glycoprotein in complex
		  with the CD4 receptor and a neutralizing human antibody},
  author	= {Kwong, Peter D and Wyatt, Richard and Robinson, James and
		  Sweet, Raymond W and Sodroski, Joseph and Hendrickson,
		  Wayne A},
  journal	= {Nature},
  volume	= {393},
  number	= {6686},
  pages		= {648--659},
  year		= {1998},
  publisher	= {Nature Publishing Group}
}

@Article{	  kwong2000structures,
  title		= {Structures of HIV-1 gp120 envelope glycoproteins from
		  laboratory-adapted and primary isolates},
  author	= {Kwong, Peter D and Wyatt, Richard and Majeed, Shahzad and
		  Robinson, James and Sweet, Raymond W and Sodroski, Joseph
		  and Hendrickson, Wayne A},
  journal	= {Structure},
  volume	= {8},
  number	= {12},
  pages		= {1329--1339},
  year		= {2000},
  publisher	= {Elsevier}
}

@Article{	  kwong2002hiv,
  title		= {HIV-1 evades antibody-mediated neutralization through
		  conformational masking of receptor-binding sites},
  author	= {Kwong, Peter D and Doyle, Michael L and Casper, David J
		  and Cicala, Claudia and Leavitt, Stephanie A and Majeed,
		  Shahzad and Steenbeke, Tavis D and Venturi, Miro and
		  Chaiken, Irwin and Fung, Michael and others},
  journal	= {Nature},
  volume	= {420},
  number	= {6916},
  pages		= {678--682},
  year		= {2002},
  publisher	= {Nature Publishing Group}
}

@Article{	  kwong2013broadly,
  title		= {Broadly neutralizing antibodies and the search for an
		  HIV-1 vaccine: the end of the beginning},
  author	= {Kwong, Peter D and Mascola, John R and Nabel, Gary J},
  journal	= {Nature Reviews Immunology},
  volume	= {13},
  number	= {9},
  pages		= {693--701},
  year		= {2013},
  publisher	= {Nature Publishing Group}
}

@Article{	  kyte1982simple,
  title		= {A simple method for displaying the hydropathic character
		  of a protein},
  author	= {Kyte, Jack and Doolittle, Russell F},
  journal	= {Journal of molecular biology},
  volume	= {157},
  number	= {1},
  pages		= {105--132},
  year		= {1982},
  publisher	= {Elsevier}
}

@Article{	  langergraber2012generation,
  title		= {Generation times in wild chimpanzees and gorillas suggest
		  earlier divergence times in great ape and human evolution},
  author	= {Langergraber, Kevin E and Pr{\"u}fer, Kay and Rowney,
		  Carolyn and Boesch, Christophe and Crockford, Catherine and
		  Fawcett, Katie and Inoue, Eiji and Inoue-Muruyama, Miho and
		  Mitani, John C and Muller, Martin N and others},
  journal	= {Proceedings of the National Academy of Sciences},
  volume	= {109},
  number	= {39},
  pages		= {15716--15721},
  year		= {2012},
  publisher	= {National Acad Sciences}
}

@Article{	  lee1992nonrandom,
  title		= {Nonrandom distribution of gp120 N-linked glycosylation
		  sites important for infectivity of human immunodeficiency
		  virus type 1},
  author	= {Lee, Woan-Ruoh and Syu, Wan-Jr and Du, Bin and Matsuda,
		  Michiko and Tan, Shencao and Wolf, Andrea and Essex, Max
		  and Lee, Tun Hou},
  journal	= {Proceedings of the National Academy of Sciences},
  volume	= {89},
  number	= {6},
  pages		= {2213--2217},
  year		= {1992},
  publisher	= {National Acad Sciences}
}

@Article{	  lee1999quantification,
  title		= {Quantification of CD4, CCR5, and CXCR4 levels on
		  lymphocyte subsets, dendritic cells, and differentially
		  conditioned monocyte-derived macrophages},
  author	= {Lee, Benhur and Sharron, Matthew and Montaner, Luis J and
		  Weissman, Drew and Doms, Robert W},
  journal	= {Proceedings of the National Academy of Sciences},
  volume	= {96},
  number	= {9},
  pages		= {5215--5220},
  year		= {1999},
  publisher	= {National Acad Sciences}
}

@Article{	  lee1999quantification,
  title		= {Quantification of CD4, CCR5, and CXCR4 levels on
		  lymphocyte subsets, dendritic cells, and differentially
		  conditioned monocyte-derived macrophages},
  author	= {Lee, Benhur and Sharron, Matthew and Montaner, Luis J and
		  Weissman, Drew and Doms, Robert W},
  journal	= {Proceedings of the National Academy of Sciences},
  volume	= {96},
  number	= {9},
  pages		= {5215--5220},
  year		= {1999},
  publisher	= {National Acad Sciences}
}

@Article{	  leonard1990assignment,
  title		= {Assignment of intrachain disulfide bonds and
		  characterization of potential glycosylation sites of the
		  type 1 recombinant human immunodeficiency virus envelope
		  glycoprotein (gp120) expressed in Chinese hamster ovary
		  cells.},
  author	= {Leonard, Cordelia K and Spellman, Michael W and Riddle,
		  Lavon and Harris, Reed J and Thomas, James N and Gregory,
		  TJ},
  journal	= {Journal of Biological Chemistry},
  volume	= {265},
  number	= {18},
  pages		= {10373--10382},
  year		= {1990},
  publisher	= {ASBMB}
}

@Article{	  levy1993pathogenesis,
  title		= {Pathogenesis of human immunodeficiency virus infection.},
  author	= {Levy, Jay A},
  journal	= {Microbiological reviews},
  volume	= {57},
  number	= {1},
  pages		= {183--289},
  year		= {1993},
  publisher	= {Am Soc Microbiol}
}

@Article{	  li1994control,
  title		= {Control of expression, glycosylation, and secretion of
		  HIV-1 gp120 by homologous and heterologous signal
		  sequences},
  author	= {Li, Yan and Luo, Lizhong and Thomas, David Y and Kang, O
		  Yong},
  journal	= {Virology},
  volume	= {204},
  number	= {1},
  pages		= {266--278},
  year		= {1994},
  publisher	= {Elsevier}
}

@Article{	  li2011mechanism,
  title		= {Mechanism of neutralization by the broadly neutralizing
		  HIV-1 monoclonal antibody VRC01},
  author	= {Li, Yuxing and O'Dell, Sijy and Walker, Laura M and Wu,
		  Xueling and Guenaga, Javier and Feng, Yu and Schmidt,
		  Stephen D and McKee, Krisha and Louder, Mark K and
		  Ledgerwood, Julie E and others},
  journal	= {Journal of Virology},
  volume	= {85},
  number	= {17},
  pages		= {8954--8967},
  year		= {2011},
  publisher	= {Am Soc Microbiol}
}

@Article{	  lu2001structural,
  title		= {Structural and functional analysis of interhelical
		  interactions in the human immunodeficiency virus type 1
		  gp41 envelope glycoprotein by alanine-scanning
		  mutagenesis},
  author	= {Lu, Min and Stoller, Marisa O and Wang, Shilong and Liu,
		  Jie and Fagan, Melinda B and Nunberg, Jack H},
  journal	= {Journal of Virology},
  volume	= {75},
  number	= {22},
  pages		= {11146--11156},
  year		= {2001},
  publisher	= {Am Soc Microbiol}
}

@Article{	  lunzer2010pervasive,
  title		= {Pervasive cryptic epistasis in molecular evolution},
  author	= {Lunzer, Mark and Golding, G Brian and Dean, Antony M},
  journal	= {PLoS genetics},
  volume	= {6},
  number	= {10},
  pages		= {e1001162},
  year		= {2010},
  publisher	= {Public Library of Science}
}

@Article{	  lynch2009appreciating,
  title		= {Appreciating {HIV} type 1 diversity: subtype differences
		  in {Env}},
  author	= {Lynch, Rebecca M and Shen, Tongye and Gnanakaran, S and
		  Derdeyn, Cynthia A},
  journal	= {AIDS Research and Human Retroviruses},
  volume	= {25},
  number	= {3},
  pages		= {237--248},
  year		= {2009},
  publisher	= {Mary Ann Liebert, Inc. 140 Huguenot Street, 3rd Floor New
		  Rochelle, NY 10801 USA}
}

@Article{	  lynch2015hiv,
  title		= {HIV-1 fitness cost associated with escape from the VRC01
		  class of CD4 binding site neutralizing antibodies},
  author	= {Lynch, Rebecca M and Wong, Patrick and Tran, Lillian and
		  O'Dell, Sijy and Nason, Martha C and Li, Yuxing and Wu,
		  Xueling and Mascola, John R},
  journal	= {Journal of Virology},
  volume	= {89},
  number	= {8},
  pages		= {4201--4213},
  year		= {2015},
  publisher	= {Am Soc Microbiol}
}

@Article{	  lyumkis2013cryo,
  title		= {Cryo-EM structure of a fully glycosylated soluble cleaved
		  HIV-1 envelope trimer},
  author	= {Lyumkis, Dmitry and Julien, Jean-Philippe and de Val,
		  Natalia and Cupo, Albert and Potter, Clinton S and Klasse,
		  Per-Johan and Burton, Dennis R and Sanders, Rogier W and
		  Moore, John P and Carragher, Bridget and others},
  journal	= {Science},
  volume	= {342},
  number	= {6165},
  pages		= {1484--1490},
  year		= {2013},
  publisher	= {American Association for the Advancement of Science}
}

@Article{	  malim1989hiv,
  title		= {The HIV-1 rev trans-activator acts through a structured
		  target sequence to activate nuclear export of unspliced
		  viral mRNA},
  author	= {Malim, Michael H and Hauber, Joachim and Le, Shu-Yun and
		  Maizel, Jacob V and Cullen, Bryan R},
  journal	= {Nature},
  volume	= {338},
  number	= {6212},
  pages		= {254--257},
  year		= {1989}
}

@Article{	  mansky1995lower,
  title		= {Lower in vivo mutation rate of human immunodeficiency
		  virus type 1 than that predicted from the fidelity of
		  purified reverse transcriptase.},
  author	= {Mansky, Louis M and Temin, Howard M},
  journal	= {Journal of Virology},
  volume	= {69},
  number	= {8},
  pages		= {5087--5094},
  year		= {1995},
  publisher	= {Am Soc Microbiol}
}

@Article{	  margolis2017hiv,
  title		= {HIV antibodies for treatment of HIV infection},
  author	= {Margolis, David M and Koup, Richard A and Ferrari, Guido},
  journal	= {Immunological Reviews},
  volume	= {275},
  number	= {1},
  pages		= {313--323},
  year		= {2017},
  publisher	= {Wiley Online Library}
}

@Article{	  mavor2015determination,
  title		= {Determination of Ubiquitin Fitness Landscapes Under
		  Different Chemical Stresses in a Classroom Setting},
  author	= {Mavor, David and Fraser, James and others},
  journal	= {eLife},
  volume	= {5},
  pages		= {e15802},
  year		= {2016}
}

@Article{	  mclaughlin2012spatial,
  title		= {The spatial architecture of protein function and
		  adaptation},
  author	= {McLaughlin Jr, Richard N and Poelwijk, Frank J and Raman,
		  Arjun and Gosal, Walraj S and Ranganathan, Rama},
  journal	= {Nature},
  volume	= {491},
  number	= {7422},
  pages		= {138--142},
  year		= {2012},
  publisher	= {Nature Publishing Group}
}

@Article{	  mclellan2011structure,
  title		= {Structure of HIV-1 gp120 V1/V2 domain with broadly
		  neutralizing antibody PG9},
  author	= {McLellan, Jason S and Pancera, Marie and Carrico, Chris
		  and Gorman, Jason and Julien, Jean-Philippe and Khayat,
		  Reza and Louder, Robert and Pejchal, Robert and Sastry,
		  Mallika and Dai, Kaifan and others},
  journal	= {Nature},
  volume	= {480},
  number	= {7377},
  pages		= {336--343},
  year		= {2011},
  publisher	= {Nature Publishing Group}
}

@Article{	  melnikov2014comprehensive,
  title		= {Comprehensive mutational scanning of a kinase in vivo
		  reveals substrate-dependent fitness landscapes},
  author	= {Melnikov, Alexandre and Rogov, Peter and Wang, Li and
		  Gnirke, Andreas and Mikkelsen, Tarjei S},
  journal	= {Nucleic Acids Research},
  volume	= {42},
  number	= {14},
  pages		= {e112},
  year		= {2014},
  publisher	= {Oxford University Press}
}

@Article{	  meyer2015utility,
  title		= {The utility of protein structure as a predictor of
		  site-wise dN/dS varies widely among HIV-1 proteins},
  author	= {Meyer, Austin G and Wilke, Claus O},
  journal	= {Journal of The Royal Society Interface},
  volume	= {12},
  number	= {111},
  pages		= {20150579},
  year		= {2015},
  publisher	= {The Royal Society}
}

@Article{	  miedema2013immune,
  title		= {Immune activation and collateral damage in AIDS
		  pathogenesis},
  author	= {Miedema, Frank and Hazenberg, Mette D and Tesselaar, Kiki
		  and van Baarle, Debbie and De Boer, Rob J and Borghans,
		  JA},
  journal	= {Front Immunol},
  volume	= {4},
  number	= {298},
  pages		= {1--14},
  year		= {2013}
}

@Article{	  mikkelsen2005initial,
  title		= {Initial sequence of the chimpanzee genome and comparison
		  with the human genome},
  author	= {Mikkelsen, Tarjei and Hillier, LaDeana and Eichler, Evan
		  and Zody, Michael and Jaffe, David and Yang, Shiaw-Pyng and
		  Enard, Wolfgang and Hellmann, Ines and Lindblad-Toh,
		  Kerstin and Altheide, Tasha and others},
  journal	= {Nature},
  volume	= {437},
  number	= {7055},
  pages		= {69--87},
  year		= {2005}
}

@Article{	  mishra2016systematic,
  title		= {Systematic Mutant Analyses Elucidate General and
		  Client-Specific Aspects of Hsp90 Function},
  author	= {Mishra, Parul and Flynn, Julia M and Starr, Tyler N and
		  Bolon, Daniel NA},
  journal	= {Cell reports},
  volume	= {15},
  number	= {3},
  pages		= {588--598},
  year		= {2016},
  publisher	= {Elsevier}
}

@Article{	  modrow1987computer,
  title		= {Computer-assisted analysis of envelope protein sequences
		  of seven human immunodeficiency virus isolates: prediction
		  of antigenic epitopes in conserved and variable regions.},
  author	= {Modrow, Susanne and Hahn, BEATRICE H and Shaw, GEORGE M
		  and Gallo, ROBERT C and Wong-Staal, F and Wolf, H},
  journal	= {Journal of Virology},
  volume	= {61},
  number	= {2},
  pages		= {570--578},
  year		= {1987},
  publisher	= {Am Soc Microbiol}
}

@Article{	  moir2008evidence,
  title		= {Evidence for HIV-associated B cell exhaustion in a
		  dysfunctional memory B cell compartment in HIV-infected
		  viremic individuals},
  author	= {Moir, Susan and Ho, Jason and Malaspina, Angela and Wang,
		  Wei and DiPoto, Angela C and O'Shea, Marie A and Roby,
		  Gregg and Kottilil, Shyam and Arthos, James and Proschan,
		  Michael A and others},
  journal	= {The Journal of experimental medicine},
  volume	= {205},
  number	= {8},
  pages		= {1797--1805},
  year		= {2008},
  publisher	= {Rockefeller Univ Press}
}

@Article{	  moir2009b,
  title		= {B cells in HIV infection and disease},
  author	= {Moir, Susan and Fauci, Anthony S},
  journal	= {Nature Reviews Immunology},
  volume	= {9},
  number	= {4},
  pages		= {235--245},
  year		= {2009},
  publisher	= {Nature Publishing Group}
}

@Article{	  moore1995primary,
  title		= {Primary isolates of human immunodeficiency virus type 1
		  are relatively resistant to neutralization by monoclonal
		  antibodies to gp120, and their neutralization is not
		  predicted by studies with monomeric gp120.},
  author	= {Moore, John P and Cao, Yunzhen and Qing, Limo and
		  Sattentau, Quentin J and Pyati, Javashree and Koduri, Raju
		  and Robinson, James and Barbas, CF 3rd and Burton, Dennis R
		  and Ho, David D},
  journal	= {Journal of Virology},
  volume	= {69},
  number	= {1},
  pages		= {101--109},
  year		= {1995},
  publisher	= {Am Soc Microbiol}
}

@Article{	  moore2006nature,
  title		= {Nature of nonfunctional envelope proteins on the surface
		  of human immunodeficiency virus type 1},
  author	= {Moore, Penny L and Crooks, Emma T and Porter, Lauren and
		  Zhu, Ping and Cayanan, Charmagne S and Grise, Henry and
		  Corcoran, Paul and Zwick, Michael B and Franti, Michael and
		  Morris, Lynn and others},
  journal	= {Journal of Virology},
  volume	= {80},
  number	= {5},
  pages		= {2515--2528},
  year		= {2006},
  publisher	= {Am Soc Microbiol}
}

@Article{	  moore2009specificity,
  title		= {Specificity of the autologous neutralizing antibody
		  response},
  author	= {Moore, Penny L and Gray, Elin S and Morris, Lynn},
  journal	= {Current Opinion in HIV and AIDS},
  volume	= {4},
  number	= {5},
  pages		= {358},
  year		= {2009},
  publisher	= {NIH Public Access}
}

@Article{	  munro2014conformational,
  title		= {Conformational dynamics of single HIV-1 envelope trimers
		  on the surface of native virions},
  author	= {Munro, James B and Gorman, Jason and Ma, Xiaochu and Zhou,
		  Zhou and Arthos, James and Burton, Dennis R and Koff, Wayne
		  C and Courter, Joel R and Smith, Amos B and Kwong, Peter D
		  and others},
  journal	= {Science},
  volume	= {346},
  number	= {6210},
  pages		= {759--763},
  year		= {2014},
  publisher	= {American Association for the Advancement of Science}
}

@Article{	  murakami2008roles,
  title		= {Roles of the interactions between Env and Gag proteins in
		  the HIV-1 replication cycle},
  author	= {Murakami, Tsutomu},
  journal	= {Microbiology and immunology},
  volume	= {52},
  number	= {5},
  pages		= {287--295},
  year		= {2008},
  publisher	= {Wiley Online Library}
}

@Article{	  murrell2013fubar,
  title		= {{FUBAR}: a fast, unconstrained bayesian approximation for
		  inferring selection},
  author	= {Murrell, Ben and Moola, Sasha and Mabona, Amandla and
		  Weighill, Thomas and Sheward, Daniel and Kosakovsky Pond,
		  Sergei L and Scheffler, Konrad},
  journal	= {Molecular Biology and Evolution},
  volume	= {30},
  number	= {5},
  pages		= {1196--1205},
  year		= {2013},
  publisher	= {Society for Molecular Biology and Evolution}
}

@Article{	  murrell2015gene,
  title		= {Gene-wide identification of episodic selection},
  author	= {Murrell, Ben and Weaver, Steven and Smith, Martin D and
		  Wertheim, Joel O and Murrell, Sasha and Aylward, Anthony
		  and Eren, Kemal and Pollner, Tristan and Martin, Darren P
		  and Smith, Davey M and others},
  journal	= {Molecular Biology and Evolution},
  volume	= {32},
  number	= {5},
  pages		= {1365--1371},
  year		= {2015},
  publisher	= {Oxford University Press}
}

@Article{	  natarajan2013epistasis,
  title		= {Epistasis among adaptive mutations in deer mouse
		  hemoglobin},
  author	= {Natarajan, Chandrasekhar and Inoguchi, Noriko and Weber,
		  Roy E and Fago, Angela and Moriyama, Hideaki and Storz, Jay
		  F},
  journal	= {Science},
  volume	= {340},
  number	= {6138},
  pages		= {1324--1327},
  year		= {2013},
  publisher	= {American Association for the Advancement of Science}
}

@Article{	  nduati2000effect,
  title		= {Effect of breastfeeding and formula feeding on
		  transmission of HIV-1: a randomized clinical trial},
  author	= {Nduati, Ruth and John, Grace and Mbori-Ngacha, Dorothy and
		  Richardson, Barbra and Overbaugh, Julie and Mwatha, Anthony
		  and Ndinya-Achola, Jeckoniah and Bwayo, Job and Onyango,
		  Francis E and Hughes, James and others},
  journal	= {JAMA},
  volume	= {283},
  number	= {9},
  pages		= {1167--1174},
  year		= {2000},
  publisher	= {American Medical Association}
}

@Article{	  nielsen1998likelihood,
  title		= {Likelihood models for detecting positively selected amino
		  acid sites and applications to the HIV-1 envelope gene},
  author	= {Nielsen, Rasmus and Yang, Ziheng},
  journal	= {Genetics},
  volume	= {148},
  number	= {3},
  pages		= {929--936},
  year		= {1998},
  publisher	= {Genetics Soc America}
}

@Article{	  ohgimoto1998location,
  title		= {Location-specific, unequal contribution of the N glycans
		  in simian immunodeficiency virus gp120 to viral infectivity
		  and removal of multiple glycans without disturbing
		  infectivity},
  author	= {Ohgimoto, Shinji and Shioda, Tatsuo and Mori, Kazuyasu and
		  Nakayama, Emi E and Hu, Huiling and Nagai, Yoshiyuki},
  journal	= {Journal of Virology},
  volume	= {72},
  number	= {10},
  pages		= {8365--8370},
  year		= {1998},
  publisher	= {Am Soc Microbiol}
}

@Article{	  olshevsky1990identification,
  title		= {Identification of individual human immunodeficiency virus
		  type 1 gp120 amino acids important for CD4 receptor
		  binding.},
  author	= {Olshevsky, U and Helseth, E and Furman, C and Li, J and
		  Haseltine, W and Sodroski, J},
  journal	= {Journal of Virology},
  volume	= {64},
  number	= {12},
  pages		= {5701--5707},
  year		= {1990},
  publisher	= {Am Soc Microbiol}
}

@Article{	  olson2014comprehensive,
  title		= {A comprehensive biophysical description of pairwise
		  epistasis throughout an entire protein domain},
  author	= {Olson, C Anders and Wu, Nicholas C and Sun, Ren},
  journal	= {Current Biology},
  volume	= {24},
  number	= {22},
  pages		= {2643--2651},
  year		= {2014},
  publisher	= {Elsevier}
}

@Article{	  ortlund2007crystal,
  title		= {Crystal structure of an ancient protein: evolution by
		  conformational epistasis},
  author	= {Ortlund, Eric A and Bridgham, Jamie T and Redinbo, Matthew
		  R and Thornton, Joseph W},
  journal	= {Science},
  volume	= {317},
  number	= {5844},
  pages		= {1544--1548},
  year		= {2007},
  publisher	= {American Association for the Advancement of Science}
}

@Article{	  overbaugh2012antibody,
  title		= {The antibody response against HIV-1},
  author	= {Overbaugh, Julie and Morris, Lynn},
  journal	= {Cold Spring Harbor perspectives in medicine},
  volume	= {2},
  number	= {1},
  pages		= {a007039},
  year		= {2012},
  publisher	= {Cold Spring Harbor Laboratory Press}
}

@Article{	  overbaugh2012antibody,
  title		= {The antibody response against HIV-1},
  author	= {Overbaugh, Julie and Morris, Lynn},
  journal	= {Cold Spring Harbor perspectives in medicine},
  volume	= {2},
  number	= {1},
  pages		= {a007039},
  year		= {2012},
  publisher	= {Cold Spring Harbor Laboratory Press}
}

@Article{	  ozorowski2017open,
  title		= {Open and closed structures reveal allostery and pliability
		  in the HIV-1 envelope spike},
  author	= {Ozorowski, Gabriel and Pallesen, Jesper and de Val,
		  Natalia and Lyumkis, Dmitry and Cottrell, Christopher A and
		  Torres, Jonathan L and Copps, Jeffrey and Stanfield, Robyn
		  L and Cupo, Albert and Pugach, Pavel and others},
  journal	= {Nature},
  volume	= {547},
  number	= {7663},
  pages		= {360--363},
  year		= {2017},
  publisher	= {Nature Research}
}

@Article{	  pancera2010structure,
  title		= {Structure of HIV-1 gp120 with gp41-interactive region
		  reveals layered envelope architecture and basis of
		  conformational mobility},
  author	= {Pancera, Marie and Majeed, Shahzad and Ban, Yih-En Andrew
		  and Chen, Lei and Huang, Chih-chin and Kong, Leopold and Do
		  Kwon, Young and Stuckey, Jonathan and Zhou, Tongqing and
		  Robinson, James E and others},
  journal	= {Proceedings of the National Academy of Sciences},
  volume	= {107},
  number	= {3},
  pages		= {1166--1171},
  year		= {2010},
  publisher	= {National Acad Sciences}
}

@Article{	  pancera2013structural,
  title		= {Structural basis for diverse N-glycan recognition by
		  HIV-1--neutralizing V1--V2--directed antibody PG16},
  author	= {Pancera, Marie and Shahzad-ul-Hussan, Syed and Doria-Rose,
		  Nicole A and McLellan, Jason S and Bailer, Robert T and
		  Dai, Kaifan and Loesgen, Sandra and Louder, Mark K and
		  Staupe, Ryan P and Yang, Yongping and others},
  journal	= {Nature structural \& molecular biology},
  volume	= {20},
  number	= {7},
  pages		= {804--813},
  year		= {2013},
  publisher	= {Nature Publishing Group}
}

@Article{	  pancera2014structure,
  title		= {Structure and immune recognition of trimeric pre-fusion
		  HIV-1 Env},
  author	= {Pancera, Marie and Zhou, Tongqing and Druz, Aliaksandr and
		  Georgiev, Ivelin S and Soto, Cinque and Gorman, Jason and
		  Huang, Jinghe and Acharya, Priyamvada and Chuang, Gwo-Yu
		  and Ofek, Gilad and others},
  journal	= {Nature},
  volume	= {514},
  number	= {7523},
  pages		= {455--461},
  year		= {2014},
  publisher	= {Nature Publishing Group}
}

@Article{	  pantophlet2003fine,
  title		= {Fine mapping of the interaction of neutralizing and
		  nonneutralizing monoclonal antibodies with the CD4 binding
		  site of human immunodeficiency virus type 1 gp120},
  author	= {Pantophlet, Ralph and Saphire, Erica Ollmann and Poignard,
		  Pascal and Parren, Paul WHI and Wilson, Ian A and Burton,
		  Dennis R},
  journal	= {Journal of Virology},
  volume	= {77},
  number	= {1},
  pages		= {642--658},
  year		= {2003},
  publisher	= {Am Soc Microbiol}
}

@Article{	  parmley2006evidence,
  title		= {Evidence for purifying selection against synonymous
		  mutations in mammalian exonic splicing enhancers},
  author	= {Parmley, Joanna L and Chamary, JV and Hurst, Laurence D},
  journal	= {Molecular biology and evolution},
  volume	= {23},
  number	= {2},
  pages		= {301--309},
  year		= {2006},
  publisher	= {SMBE}
}

@Article{	  parrish2013phenotypic,
  title		= {Phenotypic properties of transmitted founder {HIV-1}},
  author	= {Parrish, Nicholas F and Gao, Feng and Li, Hui and Giorgi,
		  Elena E and Barbian, Hannah J and Parrish, Erica H and
		  Zajic, Lara and Iyer, Shilpa S and Decker, Julie M and
		  Kumar, Amit and others},
  journal	= {Proceedings of the National Academy of Sciences},
  volume	= {110},
  number	= {17},
  pages		= {6626--6633},
  year		= {2013},
  publisher	= {National Acad Sciences}
}

@Article{	  peden1991changes,
  title		= {Changes in growth properties on passage in tissue culture
		  of viruses derived from infectious molecular clones of
		  HIV-1 LAI, HIV-1 MAL, and HIV-1 ELI},
  author	= {Peden, Keith and Emerman, Michael and Montagnier, Luc},
  journal	= {Virology},
  volume	= {185},
  number	= {2},
  pages		= {661--672},
  year		= {1991},
  publisher	= {Elsevier}
}

@Article{	  perelson1996hiv,
  title		= {HIV-1 dynamics in vivo: virion clearance rate, infected
		  cell life-span, and viral generation time},
  author	= {Perelson, Alan S and Neumann, Avidan U and Markowitz,
		  Martin and Leonard, John M and Ho, David D and others},
  journal	= {Science},
  volume	= {271},
  number	= {5255},
  pages		= {1582--1586},
  year		= {1996},
  publisher	= {JSTOR}
}

@Article{	  podgornaia2015pervasive,
  title		= {Pervasive degeneracy and epistasis in a protein-protein
		  interface},
  author	= {Podgornaia, Anna I and Laub, Michael T},
  journal	= {Science},
  volume	= {347},
  number	= {6222},
  pages		= {673--677},
  year		= {2015},
  publisher	= {American Association for the Advancement of Science}
}

@Article{	  pollock2012amino,
  title		= {Amino acid coevolution induces an evolutionary Stokes
		  shift},
  author	= {Pollock, David D and Thiltgen, Grant and Goldstein,
		  Richard A},
  journal	= {Proceedings of the National Academy of Sciences},
  volume	= {109},
  number	= {21},
  pages		= {E1352--E1359},
  year		= {2012},
  publisher	= {National Acad Sciences}
}

@Article{	  pond2010correcting,
  title		= {Correcting the bias of empirical frequency parameter
		  estimators in codon models},
  author	= {Pond, Sergei Kosakovsky and Delport, Wayne and Muse,
		  Spencer V and Scheffler, Konrad},
  journal	= {PLoS One},
  volume	= {5},
  number	= {7},
  pages		= {e11230},
  year		= {2010},
  publisher	= {Public Library of Science}
}

@Article{	  posada2004model,
  title		= {Model selection and model averaging in phylogenetics:
		  advantages of Akaike information criterion and Bayesian
		  approaches over likelihood ratio tests},
  author	= {Posada, David and Buckley, Thomas R},
  journal	= {Systematic Biology},
  volume	= {53},
  number	= {5},
  pages		= {793--808},
  year		= {2004},
  publisher	= {Society of Systematic Zoology}
}

@Article{	  poss1999variants,
  title		= {Variants from the diverse virus population identified at
		  seroconversion of a clade A human immunodeficiency virus
		  type 1-infected woman have distinct biological properties},
  author	= {Poss, Mary and Overbaugh, Julie},
  journal	= {Journal of Virology},
  volume	= {73},
  number	= {7},
  pages		= {5255--5264},
  year		= {1999},
  publisher	= {Am Soc Microbiol}
}

@Article{	  pugach2004prolonged,
  title		= {The prolonged culture of human immunodeficiency virus type
		  1 in primary lymphocytes increases its sensitivity to
		  neutralization by soluble CD4},
  author	= {Pugach, Pavel and Kuhmann, Shawn E and Taylor, Joann and
		  Marozsan, Andre J and Snyder, Amy and Ketas, Thomas and
		  Wolinsky, Steven M and Korber, Bette T and Moore, John P},
  journal	= {Virology},
  volume	= {321},
  number	= {1},
  pages		= {8--22},
  year		= {2004},
  publisher	= {Elsevier}
}

@Article{	  pugach2015native,
  title		= {A native-like SOSIP. 664 trimer based on an HIV-1 subtype
		  B env gene},
  author	= {Pugach, Pavel and Ozorowski, Gabriel and Cupo, Albert and
		  Ringe, Rajesh and Yasmeen, Anila and de Val, Natalia and
		  Derking, Ronald and Kim, Helen J and Korzun, Jacob and
		  Golabek, Michael and others},
  journal	= {Journal of Virology},
  volume	= {89},
  number	= {6},
  pages		= {3380--3395},
  year		= {2015},
  publisher	= {Am Soc Microbiol}
}

@Article{	  qi2014quantitative,
  title		= {A quantitative high-resolution genetic profile rapidly
		  identifies sequence determinants of hepatitis C viral
		  fitness and drug sensitivity},
  author	= {Qi, Hangfei and Olson, C Anders and Wu, Nicholas C and Ke,
		  Ruian and Loverdo, Claude and Chu, Virginia and Truong,
		  Shawna and Remenyi, Roland and Chen, Zugen and Du, Yushen
		  and others},
  journal	= {PLoS Pathog},
  volume	= {10},
  number	= {4},
  pages		= {e1004064},
  year		= {2014},
  publisher	= {Public Library of Science}
}

@Article{	  rambaut2004causes,
  title		= {The causes and consequences of HIV evolution},
  author	= {Rambaut, Andrew and Posada, David and Crandall, Keith A
		  and Holmes, Edward C},
  journal	= {Nature reviews. Genetics},
  volume	= {5},
  number	= {1},
  pages		= {52},
  year		= {2004},
  publisher	= {Nature Publishing Group}
}

@Article{	  rambaut2004causes,
  title		= {The causes and consequences of HIV evolution},
  author	= {Rambaut, Andrew and Posada, David and Crandall, Keith A
		  and Holmes, Edward C},
  journal	= {Nature reviews. Genetics},
  volume	= {5},
  number	= {1},
  pages		= {52},
  year		= {2004},
  publisher	= {Nature Publishing Group}
}

@Article{	  ramsey2011relationship,
  title		= {The relationship between relative solvent accessibility
		  and evolutionary rate in protein evolution},
  author	= {Ramsey, D C and Scherrer, M P and Zhou, T and Wilke, C O},
  journal	= {Genetics},
  volume	= {188},
  pages		= {479-488},
  year		= {2011}
}

@Article{	  reed1938simple,
  title		= {A simple method of estimating fifty per cent endpoints},
  author	= {Reed, Lowell Jacob and Muench, Hugo},
  journal	= {American journal of epidemiology},
  volume	= {27},
  number	= {3},
  pages		= {493--497},
  year		= {1938},
  publisher	= {Oxford Univ Press}
}

@Article{	  refsland2010quantitative,
  title		= {Quantitative profiling of the full APOBEC3 mRNA repertoire
		  in lymphocytes and tissues: implications for HIV-1
		  restriction},
  author	= {Refsland, Eric W and Stenglein, Mark D and Shindo, Keisuke
		  and Albin, John S and Brown, William L and Harris, Reuben
		  S},
  journal	= {Nucleic acids research},
  volume	= {38},
  number	= {13},
  pages		= {4274--4284},
  year		= {2010},
  publisher	= {Oxford Univ Press}
}

@Article{	  richardson1988amino,
  title		= {Amino acid preferences for specific locations at the ends
		  of alpha helices},
  author	= {Richardson, Jane S and Richardson, David C},
  journal	= {Science},
  volume	= {240},
  number	= {4859},
  pages		= {1648},
  year		= {1988},
  publisher	= {The American Association for the Advancement of Science}
}

@Article{	  richman2003rapid,
  title		= {Rapid evolution of the neutralizing antibody response to
		  HIV type 1 infection},
  author	= {Richman, Douglas D and Wrin, Terri and Little, Susan J and
		  Petropoulos, Christos J},
  journal	= {Proceedings of the National Academy of Sciences},
  volume	= {100},
  number	= {7},
  pages		= {4144--4149},
  year		= {2003},
  publisher	= {National Acad Sciences}
}

@Article{	  risso2014mutational,
  title		= {Mutational studies on resurrected ancestral proteins
		  reveal conservation of site-specific amino acid preferences
		  throughout evolutionary history},
  author	= {Risso, Valeria A and Manssour-Triedo, Fadia and
		  Delgado-Delgado, Asunci{\'o}n and Arco, Rocio and
		  Barroso-delJesus, Alicia and Ingles-Prieto, Alvaro and
		  Godoy-Ruiz, Raquel and Gavira, Jose A and Gaucher, Eric A
		  and Ibarra-Molero, Beatriz and others},
  journal	= {Molecular Biology and Evolution},
  volume	= {32},
  number	= {2},
  pages		= {440--455},
  year		= {2014},
  publisher	= {Oxford University Press}
}

@Article{	  rizzuto1998conserved,
  title		= {A conserved HIV gp120 glycoprotein structure involved in
		  chemokine receptor binding},
  author	= {Rizzuto, Carlo D and Wyatt, Richard and
		  Hern{\'a}ndez-Ramos, Nivia and Sun, Ying and Kwong, Peter D
		  and Hendrickson, Wayne A and Sodroski, Joseph},
  journal	= {Science},
  volume	= {280},
  number	= {5371},
  pages		= {1949--1953},
  year		= {1998},
  publisher	= {American Association for the Advancement of Science}
}

@Article{	  romero2015dissecting,
  title		= {Dissecting enzyme function with microfluidic-based deep
		  mutational scanning},
  author	= {Romero, Philip A and Tran, Tuan M and Abate, Adam R},
  journal	= {Proceedings of the National Academy of Sciences},
  volume	= {112},
  number	= {23},
  pages		= {7159--7164},
  year		= {2015},
  publisher	= {National Acad Sciences}
}

@Article{	  ronen2015hiv,
  title		= {HIV transmission biology: translation for HIV prevention},
  author	= {Ronen, Keshet and Sharma, Amit and Overbaugh, Julie},
  journal	= {AIDS},
  volume	= {29},
  pages		= {2219--2227},
  year		= {2015}
}

@Article{	  roscoe2013analyses,
  title		= {Analyses of the effects of all ubiquitin point mutants on
		  yeast growth rate},
  author	= {Roscoe, Benjamin P and Thayer, Kelly M and Zeldovich,
		  Konstantin B and Fushman, David and Bolon, Daniel NA},
  journal	= {Journal of molecular biology},
  volume	= {425},
  number	= {8},
  pages		= {1363--1377},
  year		= {2013},
  publisher	= {Elsevier}
}

@Article{	  sagar2006human,
  title		= {Human immunodeficiency virus type 1 {V1-V2} envelope loop
		  sequences expand and add glycosylation sites over the
		  course of infection, and these modifications affect
		  antibody neutralization sensitivity},
  author	= {Sagar, Manish and Wu, Xueling and Lee, Sandra and
		  Overbaugh, Julie},
  journal	= {Journal of Virology},
  volume	= {80},
  number	= {19},
  pages		= {9586--9598},
  year		= {2006},
  publisher	= {Am Soc Microbiol}
}

@Article{	  sander1991database,
  title		= {Database of homology-derived protein structures and the
		  structural meaning of sequence alignment},
  author	= {Sander, Chris and Schneider, Reinhard},
  journal	= {Proteins: Structure, Function, and Bioinformatics},
  volume	= {9},
  number	= {1},
  pages		= {56--68},
  year		= {1991},
  publisher	= {Wiley Online Library}
}

@Article{	  sanders2002stabilization,
  title		= {Stabilization of the soluble, cleaved, trimeric form of
		  the envelope glycoprotein complex of human immunodeficiency
		  virus type 1},
  author	= {Sanders, Rogier W and Vesanen, Mika and Schuelke, Norbert
		  and Master, Aditi and Schiffner, Linnea and Kalyanaraman,
		  Roopa and Paluch, Maciej and Berkhout, Ben and Maddon, Paul
		  J and Olson, William C and others},
  journal	= {Journal of Virology},
  volume	= {76},
  number	= {17},
  pages		= {8875--8889},
  year		= {2002},
  publisher	= {Am Soc Microbiol}
}

@Article{	  sanders2013next,
  title		= {A next-generation cleaved, soluble {HIV-1} Env trimer,
		  {BG505 SOSIP.664 gp140}, expresses multiple epitopes for
		  broadly neutralizing but not non-neutralizing antibodies},
  author	= {Sanders, Rogier W and Derking, Ronald and Cupo, Albert and
		  Julien, Jean-Philippe and Yasmeen, Anila and de Val,
		  Natalia and Kim, Helen J and Blattner, Claudia and de la
		  Pe{\~n}a, Alba Torrents and Korzun, Jacob and others},
  journal	= {PLoS Pathogens},
  volume	= {9},
  number	= {9},
  pages		= {e1003618},
  year		= {2013},
  publisher	= {Public Library of Science}
}

@Article{	  sanders2015hiv,
  title		= {HIV-1 neutralizing antibodies induced by native-like
		  envelope trimers},
  author	= {Sanders, Rogier W and Van Gils, Marit J and Derking,
		  Ronald and Sok, Devin and Ketas, Thomas J and Burger,
		  Judith A and Ozorowski, Gabriel and Cupo, Albert and
		  Simonich, Cassandra and Goo, Leslie and others},
  journal	= {Science},
  volume	= {349},
  number	= {6244},
  pages		= {aac4223},
  year		= {2015},
  publisher	= {American Association for the Advancement of Science}
}

@Article{	  scharf2014antibody,
  title		= {Antibody 8ANC195 reveals a site of broad vulnerability on
		  the HIV-1 envelope spike},
  author	= {Scharf, Louise and Scheid, Johannes F and Lee, Jeong Hyun
		  and West, Anthony P and Chen, Courtney and Gao, Han and
		  Gnanapragasam, Priyanthi NP and Mares, Ren{\'e} and Seaman,
		  Michael S and Ward, Andrew B and others},
  journal	= {Cell reports},
  volume	= {7},
  number	= {3},
  pages		= {785--795},
  year		= {2014},
  publisher	= {Elsevier}
}

@Article{	  schiller2014hiv,
  title		= {Why HIV virions have low numbers of envelope spikes:
		  implications for vaccine development},
  author	= {Schiller, John and Chackerian, Bryce},
  journal	= {PLoS Pathogens},
  volume	= {10},
  number	= {8},
  pages		= {e1004254},
  year		= {2014},
  publisher	= {Public Library of Science}
}

@Article{	  shafikhani1997generation,
  title		= {Generation of large libraries of random mutants in
		  Bacillus subtilis by PCR-based plasmid multimerization},
  author	= {Shafikhani, Sasha and Siegel, RA and Ferrari, E and
		  Schellenberger, Volker},
  journal	= {Biotechniques},
  volume	= {23},
  number	= {2},
  pages		= {304--311},
  year		= {1997},
  publisher	= {[Natick, MA: Eaton Pub. Co., c1983-}
}

@Article{	  shah2015contingency,
  title		= {Contingency and entrenchment in protein evolution under
		  purifying selection},
  author	= {Shah, Premal and McCandlish, David M and Plotkin, Joshua
		  B},
  journal	= {Proceedings of the National Academy of Sciences},
  volume	= {112},
  number	= {25},
  pages		= {E3226--E3235},
  year		= {2015},
  publisher	= {National Acad Sciences}
}

@Article{	  shankarappa1999consistent,
  title		= {Consistent viral evolutionary changes associated with the
		  progression of human immunodeficiency virus type 1
		  infection},
  author	= {Shankarappa, RAJ and Margolick, Joseph B and Gange,
		  Stephen J and Rodrigo, Allen G and Upchurch, David and
		  Farzadegan, Homayoon and Gupta, Phalguni and Rinaldo,
		  Charles R and Learn, Gerald H and He, XI and others},
  journal	= {Journal of Virology},
  volume	= {73},
  number	= {12},
  pages		= {10489--10502},
  year		= {1999},
  publisher	= {Am Soc Microbiol}
}

@Article{	  sharp2011origins,
  title		= {Origins of {HIV} and the {AIDS} pandemic},
  author	= {Sharp, Paul M and Hahn, Beatrice H},
  journal	= {Cold Spring Harbor Perspectives in Medicine},
  volume	= {1},
  number	= {1},
  pages		= {a006841},
  year		= {2011},
  publisher	= {Cold Spring Harbor Laboratory Press}
}

@Article{	  shaw1984molecular,
  title		= {Molecular Characterization of Human T-Cell Leukemia
		  (Lymphotropic) Virus Type III in the Acquired Immune
		  Deficiency Syndrome},
  author	= {Shaw, George M and Arya, Beatrice H Hahn Suresh K},
  journal	= {Science l984},
  volume	= {226},
  pages		= {l},
  year		= {1984}
}

@Article{	  sheehy2002isolation,
  title		= {Isolation of a human gene that inhibits HIV-1 infection
		  and is suppressed by the viral Vif protein},
  author	= {Sheehy, Ann M and Gaddis, Nathan C and Choi, Jonathan D
		  and Malim, Michael H},
  journal	= {Nature},
  volume	= {418},
  number	= {6898},
  pages		= {646--650},
  year		= {2002},
  publisher	= {Nature Publishing Group}
}

@Article{	  simonich2016hiv,
  title		= {HIV-1 neutralizing antibodies with limited hypermutation
		  from an infant},
  author	= {Simonich, Cassandra A and Williams, Katherine L and
		  Verkerke, Hans P and Williams, James A and Nduati, Ruth and
		  Lee, Kelly K and Overbaugh, Julie},
  journal	= {Cell},
  volume	= {166},
  number	= {1},
  pages		= {77--87},
  year		= {2016},
  publisher	= {Elsevier}
}

@Article{	  sloan2011role,
  title		= {The role of unintegrated DNA in HIV infection},
  author	= {Sloan, Richard D and Wainberg, Mark A},
  journal	= {Retrovirology},
  volume	= {8},
  number	= {1},
  pages		= {1},
  year		= {2011},
  publisher	= {BioMed Central}
}

@Article{	  sok2016prominent,
  title		= {A Prominent Site of Antibody Vulnerability on HIV Envelope
		  Incorporates a Motif Associated with CCR5 Binding and Its
		  Camouflaging Glycans},
  author	= {Sok, Devin and Pauthner, Matthias and Briney, Bryan and
		  Lee, Jeong Hyun and Saye-Francisco, Karen L and Hsueh,
		  Jessica and Ramos, Alejandra and Le, Khoa M and Jones,
		  Meaghan and Jardine, Joseph G and others},
  journal	= {Immunity},
  volume	= {45},
  number	= {1},
  pages		= {31--45},
  year		= {2016},
  publisher	= {Elsevier}
}

@Article{	  spielman2015pyvolve,
  title		= {Pyvolve: a flexible Python module for simulating sequences
		  along phylogenies},
  author	= {Spielman, Stephanie J and Wilke, Claus O},
  journal	= {PloS one},
  volume	= {10},
  number	= {9},
  pages		= {e0139047},
  year		= {2015},
  publisher	= {Public Library of Science}
}

@Article{	  stamatakis2014raxml,
  title		= {RAxML version 8: a tool for phylogenetic analysis and
		  post-analysis of large phylogenies},
  author	= {Stamatakis, Alexandros},
  journal	= {Bioinformatics},
  volume	= {30},
  pages		= {1312-1313},
  year		= {2014},
  publisher	= {Oxford Univ Press}
}

@Article{	  starcich1986identification,
  title		= {Identification and characterization of conserved and
		  variable regions in the envelope gene of HTLV-III/LAV, the
		  retrovirus of AIDS},
  author	= {Starcich, Bruno R and Hahn, Beatrice H and Shaw, George M
		  and McNeely, Paul D and Modrow, Susanne and Wolf, Hans and
		  Parks, Elizabeth S and Parks, Wade P and Josephs, Steven F
		  and Gallo, Robert C and others},
  journal	= {Cell},
  volume	= {45},
  number	= {5},
  pages		= {637--648},
  year		= {1986},
  publisher	= {Elsevier}
}

@Article{	  starita2013activity,
  title		= {Activity-enhancing mutations in an E3 ubiquitin ligase
		  identified by high-throughput mutagenesis},
  author	= {Starita, Lea M and Pruneda, Jonathan N and Lo, Russell S
		  and Fowler, Douglas M and Kim, Helen J and Hiatt, Joseph B
		  and Shendure, Jay and Brzovic, Peter S and Fields, Stanley
		  and Klevit, Rachel E},
  journal	= {Proceedings of the National Academy of Sciences},
  volume	= {110},
  number	= {14},
  pages		= {E1263--E1272},
  year		= {2013},
  publisher	= {National Acad Sciences}
}

@Article{	  starita2015massively,
  title		= {Massively parallel functional analysis of BRCA1 RING
		  domain variants},
  author	= {Starita, Lea M and Young, David L and Islam, Muhtadi and
		  Kitzman, Jacob O and Gullingsrud, Justin and Hause, Ronald
		  J and Fowler, Douglas M and Parvin, Jeffrey D and Shendure,
		  Jay and Fields, Stanley},
  journal	= {Genetics},
  volume	= {200},
  number	= {2},
  pages		= {413--422},
  year		= {2015},
  publisher	= {Genetics Soc America}
}

@Article{	  starita2015massively,
  title		= {Massively parallel functional analysis of BRCA1 RING
		  domain variants},
  author	= {Starita, Lea M and Young, David L and Islam, Muhtadi and
		  Kitzman, Jacob O and Gullingsrud, Justin and Hause, Ronald
		  J and Fowler, Douglas M and Parvin, Jeffrey D and Shendure,
		  Jay and Fields, Stanley},
  journal	= {Genetics},
  volume	= {200},
  number	= {2},
  pages		= {413--422},
  year		= {2015},
  publisher	= {Genetics Soc America}
}

@Article{	  starr2016epistasis,
  title		= {Epistasis in protein evolution},
  author	= {Starr, Tyler N and Thornton, Joseph W},
  journal	= {Protein Science},
  volume	= {25},
  number	= {7},
  pages		= {1204--1218},
  year		= {2016},
  publisher	= {Wiley Online Library}
}

@Article{	  starr2017alternative,
  title		= {Alternative evolutionary histories in the sequence space
		  of an ancient protein},
  author	= {Starr, Tyler N and Picton, Lora K and Thornton, Joseph W},
  journal	= {Nature},
  volume	= {549},
  number	= {7672},
  pages		= {409--413},
  year		= {2017},
  publisher	= {Nature Research}
}

@Article{	  starr2017pervasive,
  title		= {Pervasive contingency and entrenchment in a billion years
		  of Hsp90 evolution},
  author	= {Starr, Tyler N and Flynn, Julia M and Mishra, Parul and
		  Bolon, Daniel NA and Thornton, Joseph W},
  journal	= {bioRxiv},
  pages		= {189803},
  year		= {2017},
  publisher	= {Cold Spring Harbor Laboratory}
}

@Article{	  steichen2016hiv,
  title		= {HIV vaccine design to target germline precursors of
		  glycan-dependent broadly neutralizing antibodies},
  author	= {Steichen, Jon M and Kulp, Daniel W and Tokatlian, Talar
		  and Escolano, Amelia and Dosenovic, Pia and Stanfield,
		  Robyn L and McCoy, Laura E and Ozorowski, Gabriel and Hu,
		  Xiaozhen and Kalyuzhniy, Oleksandr and others},
  journal	= {Immunity},
  volume	= {45},
  number	= {3},
  pages		= {483--496},
  year		= {2016},
  publisher	= {Elsevier}
}

@Article{	  stewart2016trimeric,
  title		= {Trimeric {HIV-1-Env} Structures Define Glycan Shields from
		  Clades {A, B, and G}},
  author	= {Stewart-Jones, Guillaume BE and Soto, Cinque and Lemmin,
		  Thomas and Chuang, Gwo-Yu and Druz, Aliaksandr and Kong,
		  Rui and Thomas, Paul V and Wagh, Kshitij and Zhou, Tongqing
		  and Behrens, Anna-Janina and others},
  journal	= {Cell},
  volume	= {165},
  number	= {4},
  pages		= {813--826},
  year		= {2016},
  publisher	= {Elsevier}
}

@Article{	  stiffler2015evolvability,
  title		= {Evolvability as a function of purifying selection in TEM-1
		  $\beta$-lactamase},
  author	= {Stiffler, Michael A and Hekstra, Doeke R and Ranganathan,
		  Rama},
  journal	= {Cell},
  volume	= {160},
  number	= {5},
  pages		= {882--892},
  year		= {2015},
  publisher	= {Elsevier}
}

@Article{	  storey2003statistical,
  title		= {Statistical significance for genomewide studies},
  author	= {Storey, John D and Tibshirani, Robert},
  journal	= {Proceedings of the National Academy of Sciences},
  volume	= {100},
  number	= {16},
  pages		= {9440--9445},
  year		= {2003},
  publisher	= {National Acad Sciences}
}

@Article{	  subramaniam2013serine,
  title		= {A serine sensor for multicellularity in a bacterium},
  author	= {Subramaniam, Arvind R and DeLoughery, Aaron and Bradshaw,
		  Niels and Chen, Yun and O’Shea, Erin and Losick, Richard
		  and Chai, Yunrong},
  journal	= {eLife},
  volume	= {2},
  pages		= {e01501},
  year		= {2013},
  publisher	= {eLife Sciences Publications Limited}
}

@Article{	  sullivan1995replicative,
  title		= {Replicative function and neutralization sensitivity of
		  envelope glycoproteins from primary and T-cell
		  line-passaged human immunodeficiency virus type 1
		  isolates.},
  author	= {Sullivan, Nancy and Sun, Ying and Li, John and Hofmann,
		  Wolfgang and Sodroski, Joseph},
  journal	= {Journal of Virology},
  volume	= {69},
  number	= {7},
  pages		= {4413--4422},
  year		= {1995},
  publisher	= {Am Soc Microbiol}
}

@Article{	  thyagarajan2014inherent,
  title		= {The inherent mutational tolerance and antigenic
		  evolvability of influenza hemagglutinin},
  author	= {Thyagarajan, Bargavi and Bloom, Jesse D},
  journal	= {eLife},
  volume	= {3},
  pages		= {e03300},
  year		= {2014},
  publisher	= {eLife Sciences Publications Limited}
}

@Article{	  tien2013maximum,
  title		= {Maximum allowed solvent accessibilites of residues in
		  proteins},
  author	= {Tien, Matthew Z and Meyer, Austin G and Sydykova, Dariya K
		  and Spielman, Stephanie J and Wilke, Claus O},
  journal	= {PloS One},
  volume	= {8},
  number	= {11},
  pages		= {e80635},
  year		= {2013},
  publisher	= {Public Library of Science}
}

@Article{	  touw2014series,
  title		= {A series of PDB-related databanks for everyday needs},
  author	= {Touw, Wouter G and Baakman, Coos and Black, Jon and te
		  Beek, Tim AH and Krieger, Elmar and Joosten, Robbie P and
		  Vriend, Gert},
  journal	= {Nucleic acids research},
  pages		= {gku1028},
  year		= {2014},
  publisher	= {Oxford Univ Press}
}

@Article{	  trkola1996cd4,
  title		= {CD4-dependent, antibody-sensitive interactions between
		  HIV-1 and its co-receptor CCR-5},
  author	= {Trkola, Alexandra and Dragic, Tatjana and Arthos, James
		  and Binley, James M and others},
  journal	= {Nature},
  volume	= {384},
  number	= {6605},
  pages		= {184},
  year		= {1996},
  publisher	= {Nature Publishing Group}
}

@Article{	  trkola1996cd4,
  title		= {CD4-dependent, antibody-sensitive interactions between
		  HIV-1 and its co-receptor CCR-5},
  author	= {Trkola, Alexandra and Dragic, Tatjana and Arthos, James
		  and Binley, James M and Olson, William C and Allaway,
		  Graham P and Cheng-Mayer, Cecilia and Robinson, James and
		  Maddon, Paul J and Moore, John P},
  journal	= {Nature},
  volume	= {384},
  number	= {6605},
  pages		= {184--187},
  year		= {1996},
  publisher	= {Nature Publishing Group}
}

@Article{	  van2008only,
  title		= {Only five of 10 strictly conserved disulfide bonds are
		  essential for folding and eight for function of the HIV-1
		  envelope glycoprotein},
  author	= {van Anken, Eelco and Sanders, Rogier W and Liscaljet, I
		  Marije and Land, Aafke and Bontjer, Ilja and Tillemans,
		  Sonja and Nabatov, Alexey A and Paxton, William A and
		  Berkhout, Ben and Braakman, Ineke},
  journal	= {Molecular Biology of the Cell},
  volume	= {19},
  number	= {10},
  pages		= {4298--4309},
  year		= {2008},
  publisher	= {Am Soc Cell Biol}
}

@Article{	  verkerke2016epitope,
  title		= {Epitope-independent purification of native-like envelope
		  trimers from diverse {HIV-1} isolates},
  author	= {Verkerke, Hans P and Williams, James A and Guttman, Miklos
		  and Simonich, Cassandra A and Liang, Yu and Filipavicius,
		  Modestas and Hu, Shiu-Lok and Overbaugh, Julie and Lee,
		  Kelly K},
  journal	= {Journal of Virology},
  volume	= {90},
  number	= {20},
  pages		= {9471--9482},
  year		= {2016},
  publisher	= {Am Soc Microbiol}
}

@Article{	  wagih2017ggseqlogo,
  title		= {ggseqlogo: a versatile {R} package for drawing sequence
		  logos},
  author	= {Wagih, Omar},
  journal	= {Bioinformatics},
  volume	= {33},
  number	= {22},
  pages		= {3645--3647},
  year		= {2017},
  publisher	= {Oxford University Press}
}

@Article{	  wain1991lav,
  title		= {LAV revisited: origins of the early HIV-1 isolates from
		  Institut Pasteur},
  author	= {Wain-Hobson, Simon and Vartanian, Jean-Pierre and Henry,
		  Michel and Chenciner, Nicole and Cheynier, R{\'e}mi and
		  Delassus, Sylvie and Martins, L Pedroza and Sala, Monica
		  and Nugeyre, Marie-Th{\'e}r{\`e}se and Gu{\'e}tard, Denise
		  and others},
  journal	= {Science},
  volume	= {252},
  number	= {5008},
  pages		= {961--965},
  year		= {1991},
  publisher	= {American Association for the Advancement of Science}
}

@Article{	  wang1996single,
  title		= {Single amino acid substitution in constant region 1 or 4
		  of gp120 causes the phenotype of a human immunodeficiency
		  virus type 1 variant with mutations in hypervariable
		  regions 1 and 2 to revert.},
  author	= {Wang, Wei-Kung and Essex, Max and Lee, Tun-Hou},
  journal	= {Journal of Virology},
  volume	= {70},
  number	= {1},
  pages		= {607--611},
  year		= {1996},
  publisher	= {Am Soc Microbiol}
}

@Article{	  wang2002evolution,
  title		= {Evolution of an antibiotic resistance enzyme constrained
		  by stability and activity trade-offs},
  author	= {Wang, Xiaojun and Minasov, George and Shoichet, Brian K},
  journal	= {Journal of molecular biology},
  volume	= {320},
  number	= {1},
  pages		= {85--95},
  year		= {2002},
  publisher	= {Elsevier}
}

@Article{	  wang2013systematic,
  title		= {A systematic study of the N-glycosylation sites of HIV-1
		  envelope protein on infectivity and antibody-mediated
		  neutralization},
  author	= {Wang, Wenbo and Nie, Jianhui and Prochnow, Courtney and
		  Truong, Carolyn and Jia, Zheng and Wang, Suting and Chen,
		  Xiaojiang S and Wang, Youchun},
  journal	= {Retrovirology},
  volume	= {10},
  number	= {1},
  pages		= {1},
  year		= {2013},
  publisher	= {BioMed Central}
}

@Article{	  waterston2002initial,
  title		= {Initial sequencing and comparative analysis of the mouse
		  genome.},
  author	= {Waterston, RH and Lindblad-Toh, K and Birney, E and
		  Rogers, J and Abril, JF and Agarwal, P and Agarwala, R and
		  Ainscough, R and Alexandersson, M and An, P and others},
  journal	= {Nature},
  volume	= {420},
  number	= {6915},
  pages		= {520--562},
  year		= {2002}
}

@Article{	  watts2009architecture,
  title		= {Architecture and secondary structure of an entire HIV-1
		  RNA genome},
  author	= {Watts, Joseph M and Dang, Kristen K and Gorelick, Robert J
		  and Leonard, Christopher W and Bess Jr, Julian W and
		  Swanstrom, Ronald and Burch, Christina L and Weeks, Kevin
		  M},
  journal	= {Nature},
  volume	= {460},
  number	= {7256},
  pages		= {711--716},
  year		= {2009},
  publisher	= {Nature Publishing Group}
}

@Article{	  wei2002emergence,
  title		= {Emergence of resistant human immunodeficiency virus type 1
		  in patients receiving fusion inhibitor (T-20) monotherapy},
  author	= {Wei, Xiping and Decker, Julie M and Liu, Hongmei and
		  Zhang, Zee and Arani, Ramin B and Kilby, J Michael and
		  Saag, Michael S and Wu, Xiaoyun and Shaw, George M and
		  Kappes, John C},
  journal	= {Antimicrobial agents and chemotherapy},
  volume	= {46},
  number	= {6},
  pages		= {1896--1905},
  year		= {2002},
  publisher	= {Am Soc Microbiol}
}

@Article{	  wei2003antibody,
  title		= {Antibody neutralization and escape by HIV-1},
  author	= {Wei, Xiping and Decker, Julie M and Wang, Shuyi and Hui,
		  Huxiong and Kappes, John C and Wu, Xiaoyun and
		  Salazar-Gonzalez, Jesus F and Salazar, Maria G and Kilby, J
		  Michael and Saag, Michael S and others},
  journal	= {Nature},
  volume	= {422},
  number	= {6929},
  pages		= {307--312},
  year		= {2003},
  publisher	= {Nature Publishing Group}
}

@Article{	  weinreich2006darwinian,
  title		= {Darwinian evolution can follow only very few mutational
		  paths to fitter proteins},
  author	= {Weinreich, Daniel M and Delaney, Nigel F and DePristo,
		  Mark A and Hartl, Daniel L},
  journal	= {science},
  volume	= {312},
  number	= {5770},
  pages		= {111--114},
  year		= {2006},
  publisher	= {American Association for the Advancement of Science}
}

@Article{	  white2010molecular,
  title		= {Molecular architectures of trimeric SIV and HIV-1 envelope
		  glycoproteins on intact viruses: strain-dependent variation
		  in quaternary structure},
  author	= {White, Tommi A and Bartesaghi, Alberto and Borgnia, Mario
		  J and Meyerson, Joel R and de la Cruz, M Jason V and Bess,
		  Julian W and Nandwani, Rachna and Hoxie, James A and
		  Lifson, Jeffrey D and Milne, Jacqueline LS and others},
  journal	= {PLoS Pathogens},
  volume	= {6},
  number	= {12},
  pages		= {e1001249},
  year		= {2010},
  publisher	= {Public Library of Science}
}

@Article{	  whitehead2012optimization,
  title		= {Optimization of affinity, specificity and function of
		  designed influenza inhibitors using deep sequencing},
  author	= {Whitehead, Timothy A and Chevalier, Aaron and Song, Yifan
		  and Dreyfus, Cyrille and Fleishman, Sarel J and De Mattos,
		  Cecilia and Myers, Chris A and Kamisetty, Hetunandan and
		  Blair, Patrick and Wilson, Ian A and others},
  journal	= {Nature biotechnology},
  volume	= {30},
  number	= {6},
  pages		= {543--548},
  year		= {2012},
  publisher	= {Nature Research}
}

@Article{	  wild1994peptides,
  title		= {Peptides corresponding to a predictive alpha-helical
		  domain of human immunodeficiency virus type 1 gp41 are
		  potent inhibitors of virus infection},
  author	= {Wild, Carl T and Shugars, Diane C and Greenwell, Teresa K
		  and McDanal, Charlene B and Matthews, Thomas J},
  journal	= {Proceedings of the National Academy of Sciences},
  volume	= {91},
  number	= {21},
  pages		= {9770--9774},
  year		= {1994},
  publisher	= {National Acad Sciences}
}

@Article{	  wilen2011phenotypic,
  title		= {Phenotypic and immunologic comparison of clade {B}
		  transmitted/founder and chronic {HIV-1} envelope
		  glycoproteins},
  author	= {Wilen, Craig B and Parrish, Nicholas F and Pfaff, Jennifer
		  M and Decker, Julie M and Henning, Elizabeth A and Haim,
		  Hillel and Petersen, Josiah E and Wojcechowskyj, Jason A
		  and Sodroski, Joseph and Haynes, Barton F and others},
  journal	= {Journal of Virology},
  volume	= {85},
  number	= {17},
  pages		= {8514--8527},
  year		= {2011},
  publisher	= {Am Soc Microbiol}
}

@Article{	  worobey2008direct,
  title		= {Direct evidence of extensive diversity of {HIV-1} in
		  {Kinshasa} by 1960},
  author	= {Worobey, Michael and Gemmel, Marlea and Teuwen, Dirk E and
		  Haselkorn, Tamara and Kunstman, Kevin and Bunce, Michael
		  and Muyembe, Jean-Jacques and Kabongo, Jean-Marie M and
		  Kalengayi, Rapha{\"e}l M and Van Marck, Eric and others},
  journal	= {Nature},
  volume	= {455},
  number	= {7213},
  pages		= {661--664},
  year		= {2008},
  publisher	= {Nature Publishing Group}
}

@Article{	  wu2006neutralization,
  title		= {Neutralization escape variants of human immunodeficiency
		  virus type 1 are transmitted from mother to infant},
  author	= {Wu, Xueling and Parast, Adam B and Richardson, Barbra A
		  and Nduati, Ruth and John-Stewart, Grace and Mbori-Ngacha,
		  Dorothy and Rainwater, Stephanie MJ and Overbaugh, Julie},
  journal	= {Journal of Virology},
  volume	= {80},
  number	= {2},
  pages		= {835--844},
  year		= {2006},
  publisher	= {Am Soc Microbiol}
}

@Article{	  wu2014high,
  title		= {High-throughput profiling of influenza A virus
		  hemagglutinin gene at single-nucleotide resolution},
  author	= {Wu, Nicholas C and Young, Arthur P and Al-Mawsawi, Laith Q
		  and Olson, C Anders and Feng, Jun and Qi, Hangfei and Chen,
		  Shu-Hwa and Lu, I-Hsuan and Lin, Chung-Yen and Chin, Robert
		  G and others},
  journal	= {Scientific Reports},
  volume	= {4},
  pages		= {4942},
  year		= {2014},
  publisher	= {Nature Publishing Group}
}

@Article{	  wu2015functional,
  title		= {Functional constraint profiling of a viral protein reveals
		  discordance of evolutionary conservation and
		  functionality},
  author	= {Wu, Nicholas C and Olson, C Anders and Du, Yushen and Le,
		  Shuai and Tran, Kevin and Remenyi, Roland and Gong, Danyang
		  and Al-Mawsawi, Laith Q and Qi, Hangfei and Wu, Ting-Ting
		  and others},
  journal	= {PLoS Genet},
  volume	= {11},
  number	= {7},
  pages		= {e1005310},
  year		= {2015},
  publisher	= {Public Library of Science}
}

@Article{	  wyatt1998antigenic,
  title		= {The antigenic structure of the HIV gp120 envelope
		  glycoprotein},
  author	= {Wyatt, Richard and Kwong, Peter D and Desjardins,
		  Elizabeth and Sweet, Raymond W and others},
  journal	= {Nature},
  volume	= {393},
  number	= {6686},
  pages		= {705},
  year		= {1998},
  publisher	= {Nature Publishing Group}
}

@Article{	  wyatt1998hiv,
  title		= {The HIV-1 envelope glycoproteins: fusogens, antigens, and
		  immunogens},
  author	= {Wyatt, Richard and Sodroski, Joseph},
  journal	= {Science},
  volume	= {280},
  number	= {5371},
  pages		= {1884--1888},
  year		= {1998},
  publisher	= {American Association for the Advancement of Science}
}

@Article{	  yang1994maximum,
  title		= {Maximum likelihood phylogenetic estimation from DNA
		  sequences with variable rates over sites: approximate
		  methods},
  author	= {Yang, Ziheng},
  journal	= {Journal of Molecular Evolution},
  volume	= {39},
  number	= {3},
  pages		= {306--314},
  year		= {1994},
  publisher	= {Springer}
}

@Article{	  yang2000codon,
  title		= {Codon-substitution models for heterogeneous selection
		  pressure at amino acid sites},
  author	= {Yang, Ziheng and Nielsen, Rasmus and Goldman, Nick and
		  Pedersen, Anne-Mette Krabbe},
  journal	= {Genetics},
  volume	= {155},
  number	= {1},
  pages		= {431--449},
  year		= {2000},
  publisher	= {Genetics Soc America}
}

@Article{	  yusim2002clustering,
  title		= {Clustering patterns of cytotoxic T-lymphocyte epitopes in
		  human immunodeficiency virus type 1 (HIV-1) proteins reveal
		  imprints of immune evasion on HIV-1 global variation},
  author	= {Yusim, Karina and Kesmir, Can and Gaschen, Brian and Addo,
		  Marylyn M and Altfeld, Marcus and Brunak, S{\o}ren and
		  Chigaev, Alexandre and Detours, Vincent and Korber, Bette
		  T},
  journal	= {Journal of Virology},
  volume	= {76},
  number	= {17},
  pages		= {8757--8768},
  year		= {2002},
  publisher	= {Am Soc Microbiol}
}

@Article{	  yuste2004modulation,
  title		= {Modulation of Env content in virions of simian
		  immunodeficiency virus: correlation with cell surface
		  expression and virion infectivity},
  author	= {Yuste, Elo{\'\i}sa and Reeves, Jacqueline D and Doms,
		  Robert W and Desrosiers, Ronald C},
  journal	= {Journal of Virology},
  volume	= {78},
  number	= {13},
  pages		= {6775--6785},
  year		= {2004},
  publisher	= {Am Soc Microbiol}
}

@Article{	  zanini2013quantifying,
  title		= {Quantifying selection against synonymous mutations in
		  HIV-1 env evolution},
  author	= {Zanini, Fabio and Neher, Richard A},
  journal	= {Journal of Virology},
  volume	= {87},
  number	= {21},
  pages		= {11843--11850},
  year		= {2013},
  publisher	= {Am Soc Microbiol}
}

@Article{	  zanini2015population,
  title		= {Population genomics of intrapatient HIV-1 evolution},
  author	= {Zanini, Fabio and Brodin, Johanna and Thebo, Lina and
		  Lanz, Christa and Bratt, G{\"o}ran and Albert, Jan and
		  Neher, Richard A},
  journal	= {eLife},
  volume	= {4},
  pages		= {e11282},
  year		= {2015},
  publisher	= {eLife Sciences Publications Limited}
}

@Article{	  zanini2017vivo,
  title		= {In vivo mutation rates and the landscape of fitness costs
		  of HIV-1},
  author	= {Zanini, Fabio and Puller, Vadim and Brodin, Johanna and
		  Albert, Jan and Neher, Richard A},
  journal	= {Virus Evolution},
  volume	= {3},
  number	= {1},
  year		= {2017},
  publisher	= {Oxford University Press}
}

@Article{	  zhang2004tracking,
  title		= {Tracking global patterns of N-linked glycosylation site
		  variation in highly variable viral glycoproteins: HIV, SIV,
		  and HCV envelopes and influenza hemagglutinin},
  author	= {Zhang, Ming and Gaschen, Brian and Blay, Wendy and Foley,
		  Brian and Haigwood, Nancy and Kuiken, Carla and Korber,
		  Bette},
  journal	= {Glycobiology},
  volume	= {14},
  number	= {12},
  pages		= {1229--1246},
  year		= {2004},
  publisher	= {Soc Glycobiology}
}

@Article{	  zhang2016benchmark,
  title		= {A benchmark study on error-correction by read-pairing and
		  tag-clustering in amplicon-based deep sequencing},
  author	= {Zhang, Tian-Hao and Wu, Nicholas C and Sun, Ren},
  journal	= {BMC genomics},
  volume	= {17},
  number	= {1},
  pages		= {1},
  year		= {2016},
  publisher	= {BioMed Central}
}

@Article{	  zhou2010structural,
  title		= {Structural basis for broad and potent neutralization of
		  HIV-1 by antibody VRC01},
  author	= {Zhou, Tongqing and Georgiev, Ivelin and Wu, Xueling and
		  Yang, Zhi-Yong and Dai, Kaifan and Finzi, Andr{\'e}s and Do
		  Kwon, Young and Scheid, Johannes F and Shi, Wei and Xu,
		  Ling and others},
  journal	= {Science},
  volume	= {329},
  number	= {5993},
  pages		= {811--817},
  year		= {2010},
  publisher	= {American Association for the Advancement of Science}
}

@Article{	  zhou2013multidonor,
  title		= {Multidonor analysis reveals structural elements, genetic
		  determinants, and maturation pathway for HIV-1
		  neutralization by VRC01-class antibodies},
  author	= {Zhou, Tongqing and Zhu, Jiang and Wu, Xueling and Moquin,
		  Stephanie and Zhang, Baoshan and Acharya, Priyamvada and
		  Georgiev, Ivelin S and Altae-Tran, Han R and Chuang, Gwo-Yu
		  and Joyce, M Gordon and others},
  journal	= {Immunity},
  volume	= {39},
  number	= {2},
  pages		= {245--258},
  year		= {2013},
  publisher	= {Elsevier}
}

@Article{	  zhou2015structural,
  title		= {Structural repertoire of HIV-1-neutralizing antibodies
		  targeting the CD4 supersite in 14 donors},
  author	= {Zhou, Tongqing and Lynch, Rebecca M and Chen, Lei and
		  Acharya, Priyamvada and Wu, Xueling and Doria-Rose, Nicole
		  A and Joyce, M Gordon and Lingwood, Daniel and Soto, Cinque
		  and Bailer, Robert T and others},
  journal	= {Cell},
  volume	= {161},
  number	= {6},
  pages		= {1280--1292},
  year		= {2015},
  publisher	= {Elsevier}
}

@Article{	  zhou2015structural,
  title		= {Structural repertoire of HIV-1-neutralizing antibodies
		  targeting the CD4 supersite in 14 donors},
  author	= {Zhou, Tongqing and Lynch, Rebecca M and Chen, Lei and
		  Acharya, Priyamvada and Wu, Xueling and Doria-Rose, Nicole
		  A and Joyce, M Gordon and Lingwood, Daniel and Soto, Cinque
		  and Bailer, Robert T and others},
  journal	= {Cell},
  volume	= {161},
  number	= {6},
  pages		= {1280--1292},
  year		= {2015},
  publisher	= {Elsevier}
}

@Article{	  zhuang2002human,
  title		= {Human immunodeficiency virus type 1 recombination: rate,
		  fidelity, and putative hot spots},
  author	= {Zhuang, Jianling and Jetzt, Amanda E and Sun, Guoli and
		  Yu, Hong and Klarmann, George and Ron, Yacov and Preston,
		  Bradley D and Dougherty, Joseph P},
  journal	= {Journal of Virology},
  volume	= {76},
  number	= {22},
  pages		= {11273--11282},
  year		= {2002},
  publisher	= {Am Soc Microbiol}
}

@Article{	  zolla2010structure,
  title		= {Structure--function relationships of HIV-1 envelope
		  sequence-variable regions refocus vaccine design},
  author	= {Zolla-Pazner, Susan and Cardozo, Timothy},
  journal	= {Nature Reviews Immunology},
  volume	= {10},
  number	= {7},
  pages		= {527--535},
  year		= {2010},
  publisher	= {Nature Publishing Group}
}

@Article{	  zwick2001broadly,
  title		= {Broadly neutralizing antibodies targeted to the
		  membrane-proximal external region of human immunodeficiency
		  virus type 1 glycoprotein gp41},
  author	= {Zwick, Michael B and Labrijn, Aran F and Wang, Meng and
		  Spenlehauer, Catherine and Saphire, Erica Ollmann and
		  Binley, James M and Moore, John P and Stiegler, Gabriela
		  and Katinger, Hermann and Burton, Dennis R and others},
  journal	= {Journal of Virology},
  volume	= {75},
  number	= {22},
  pages		= {10892--10905},
  year		= {2001},
  publisher	= {Am Soc Microbiol}
}

@Article{	  zwick2005anti,
  title		= {Anti-human immunodeficiency virus type 1 (HIV-1)
		  antibodies 2F5 and 4E10 require surprisingly few crucial
		  residues in the membrane-proximal external region of
		  glycoprotein gp41 to neutralize HIV-1},
  author	= {Zwick, Michael B and Jensen, Richard and Church, Sarah and
		  Wang, Meng and Stiegler, Gabriela and Kunert, Renate and
		  Katinger, Hermann and Burton, Dennis R},
  journal	= {Journal of Virology},
  volume	= {79},
  number	= {2},
  pages		= {1252--1261},
  year		= {2005},
  publisher	= {Am Soc Microbiol}
}
